3259 5484
986 684 1166 757 ..90-

588 842 713 912 urbem
734 843 906 935 lymphati
926 844 1088 914 homines
1102 866 1230 936 corpus
1255 844 1425 936 principis
1447 845 1564 914 ecclc-

588 954 661 1033 siae,
687 953 836 1046 egregiae
861 956 1013 1047 pastoris
1033 956 1086 1025 sui
1109 978 1203 1036 oveS,
1229 962 1265 1025 et
1282 978 1368 1048 grex
1393 956 1422 1024 si
1447 956 1560 1025 dicere

588 1064 694 1133 liceat
712 1064 918 1145 catholicus,
937 1066 1031 1157 quod
1048 1088 1116 1135 non
1132 1067 1279 1136 auderet
1290 1070 1412 1145 Turca‚
1429 1066 1560 1134 abhor-

588 1183 682 1243 reret
707 1177 870 1266 Scythes,
894 1176 1108 1245 immanibus
1129 1198 1208 1245 cum
1231 1177 1351 1245 sannis
1369 1184 1406 1247 et
1429 1175 1559 1245 vocife-

588 1284 796 1365 rationibus,
812 1287 1009 1379 plusquam
1023 1287 1066 1355 ad
1077 1287 1256 1377 gemonias
1268 1288 1413 1355 trahunt
1426 1285 1555 1355 scalas!

588 1399 776 1487 Postquam
792 1398 835 1465 ad
857 1404 1012 1467 montem
1031 1398 1153 1477 altum,
1172 1398 1404 1477 salebrosum,
1422 1420 1462 1466 ac
1475 1419 1559 1489 prar-

588 1517 753 1601 ruptum‚
783 1532 891 1603 super
920 1515 1017 1581 Duna
1047 1513 1099 1581 vel
1128 1512 1272 1581 Rubone
1296 1512 1404 1581 fluvio
1426 1510 1559 1580 cousti-

317 1643 560 1689 u‘munmuur.
589 1624 738 1704 tissent‚
777 1624 970 1693 inhumano
1010 1646 1139 1717 corpus
1180 1646 1317 1693 sacrum
1359 1623 1561 1715 propellunt

586 1734 733 1825 impetu,
751 1734 1009 1826 ingeminantes
1023 1759 1030 1803 ε
1042 1736 1159 1805 Firma
1177 1745 1221 1815 tc,
1242 1738 1339 1824 procu
1351 1744 1391 1819 ta,
1407 1736 1557 1827 episcope.

587 1850 629 1914 Et
656 1846 806 1926 mirum,
835 1849 927 1939 quod
959 1869 1028 1916 nou
1053 1848 1254 1917 minutatim
1270 1848 1512 1938 discerptum:
1535 1847 1563 1913 si

586 1958 742 2049 quidem,
769 1981 839 2028 non
864 1960 985 2029 hostes
1009 1961 1130 2038 modo,
1154 1961 1215 2029 sed
1241 1959 1346 2029 etiarn
1369 1957 1436 2051 ipsi
1453 1958 1561 2047 judai

562 2068 839 2149 asseruissent,
863 2091 931 2139 non
954 2070 1111 2162 potuisse
1141 2072 1216 2140 fore
1246 2070 1352 2139 etiam
1377 2068 1564 2137 minimum

586 2201 626 2248 os
647 2180 682 2247 in
700 2181 912 2274 praecipitati
932 2203 1079 2273 corpore
1103 2182 1294 2274 integrum.
1312 2185 1563 2251 Verumtamen

314 2330 558 2386 mmmm„
586 2292 708 2360 multis
729 2300 810 2383 post
831 2294 950 2373 anniS,
976 2293 1127 2386 plurima
1156 2294 1242 2362 illud
1264 2293 1383 2362 videre
1412 2292 1563 2361 illaesum

394 2394 482 2437 ΜΨ·
587 2401 708 2482 millia,
723 2406 795 2472 Deo
811 2403 958 2471 Domino
978 2404 1197 2474 custodiente
1213 2402 1324 2471 saneti
1336 2402 1391 2471 sui
1407 2424 1504 2481 ossa,
1521 2424 1563 2471 ne

586 2512 642 2581 vel
657 2512 801 2581 unicum
818 2536 862 2582 ex
876 2514 946 2582 illis
959 2514 1271 2583 comminueretur.
1295 2516 1464 2581 asserunt
1477 2513 1563 2603 qui-

586 2624 680 2702 dam,
708 2623 743 2691 in
767 2624 844 2715 ipsa
870 2624 1065 2715 dejectione
1095 2625 1224 2694 nubem
1254 2624 1425 2693 modicam
1455 2645 1564 2715 super

587 2755 718 2825 eorpus
736 2736 900 2826 praesulis
920 2736 1130 2828 pependisse
1152 2759 1159 2803 ε
1177 2756 1222 2805 ex
1236 2758 1304 2827 qua
1326 2735 1437 2803 instar
1452 2756 1563 2825 pyra-

588 2846 692 2915 midis
720 2847 841 2917 lumen
871 2848 1044 2927 levatum,
1082 2848 1191 2918 coelos
1219 2848 1349 2916 sensim
1388 2846 1560 2938 petiisset.

588 2958 744 3027 Dixisses
758 2959 890 3028 nubem
909 2959 999 3027 hanc
1014 2966 1049 3027 et
1066 2959 1184 3028 lumen
1199 2979 1329 3049 eorpus
1347 2956 1418 3025 divi
1434 2965 1563 3047 martp-

587 3070 636 3137 ris
651 3070 727 3140 leve
742 3077 779 3139 et
792 3070 948 3151 coeieste,
967 3092 1010 3141 ne
1026 3071 1225 3150 lederetur,
1244 3068 1413 3139 effecisse.

626 3195 695 3260 Nec
705 3192 924 3262 reticendum
933 3192 1072 3261 videtur
1081 3192 1115 3259 in
1124 3198 1240 3261 erecta
1251 3212 1367 3268 cruce,
1378 3190 1419 3257 ad
1433 3210 1563 3257 memo

588 3302 675 3370 riam
699 3304 742 3372 de
770 3304 837 3372 hoc
862 3312 981 3373 monte
1006 3302 1165 3394 projecti,
1193 3324 1262 3371 non
1290 3301 1365 3371 laesi
1393 3301 1562 3370 miraculo

589 3412 765 3505 corporiS,
787 3415 1109 3484 commissariorum
1132 3414 1326 3505 primorum
1351 3412 1560 3505 epigraphe:

586 3526 762 3606 videlicet,
784 3531 908 3609 Deum,
931 3528 991 3620 qui
1014 3549 1142 3619 corpus
1157 3526 1322 3618 martyris
1336 3534 1564 3596 conservaret

587 3636 853 3727 incorruptum,
881 3636 927 3706 ob
948 3637 1084 3729 integre
1108 3644 1280 3707 servatam
1302 3637 1338 3706 in
1358 3637 1431 3705 vita
1451 3637 1563 3705 casti·
1620 3618 1621 3701 i

315 3767 374 3811 uun·
392 3769 495 3821 astura
511 3780 559 3812 cum
587 3754 713 3828 tatem,
731 3748 998 3841 integerrimum
1016 3751 1059 3819 ad
1079 3750 1192 3842 ripam
1208 3749 1404 3819 demisisse.
1423 3749 1487 3818 Hic
1502 3749 1560 3818 ubi

381 3830 491 3887 ''¹'¹⁶¹¹’'¹⁸'
586 3860 769 3940 constitit,
811 3862 1018 3931 atlvolavere
1047 3862 1185 3931 scelesti
1217 3861 1499 3940 cauculatores,
1528 3869 1561 3929 ei
1619 3940 1620 3943 ,

586 3971 683 4040 lintri
709 3972 796 4041 ittud
818 3973 1053 4065 imponentes
1081 3972 1162 4042 iude
1190 3979 1268 4064 post
1298 3973 1394 4041 mille
1422 3995 1559 4064 passae,

586 4084 733 4152 adverso
754 4083 910 4165 flumine,
935 4106 1108 4165 avexere;
1134 4090 1169 4153 et
1188 4084 1341 4153 cilicium
1368 4084 1411 4151 ad
1431 4085 1561 4154 collum
