3259 5484
983 728 1184 800 -ttt-

596 887 700 968 pucnis
721 890 912 953 consoletur.
936 890 1104 953 Disserenti
1127 892 1288 971 negotium
1315 896 1377 959 lroc
1395 902 1555 963 venerabili
1616 964 1617 969 ,

596 989 684 1051 t'ratri
697 991 724 1051 J.
747 992 849 1075 Bapt.‚
872 994 1020 1076 episcopo
1041 994 1163 1057 Nolano
1174 996 1291 1060 Nuntio
1303 1008 1425 1075 nostro,
1440 1004 1559 1085 perinde
1616 994 1617 997 ¹

596 1109 632 1153 ac
645 1092 742 1155 Nobis
755 1093 848 1175 ipsis,
864 1094 991 1158 credere
1005 1097 1138 1177 poterit,
1158 1098 1197 1161 tt.
1221 1100 1268 1175 Τ.,
1291 1102 1342 1162 cui
1366 1106 1559 1185 apostolicam
1616 1136 1617 1139 ¹

596 1194 848 1259 benedictionem
860 1198 1067 1281 impertimur.

635 1368 757 1443 Romae,
775 1371 859 1452 apud
880 1371 911 1435 S.
936 1372 1072 1449 Petrum,
1090 1379 1126 1439 ta
1147 1376 1224 1439 febr.
1240 1381 1327 1441 idat.
1345 1380 1457 1443 Pontii.
1473 1380 1559 1443 nostri

597 1476 721 1535 artuot.
1616 1490 1617 1507 ³

763 1930 1011 1999 SlGlSMUNDO
1035 1930 1077 1997 lll
1101 1929 1196 2000 REGI
1220 1927 1407 1996 POLONIAE

942 2174 1077 2219 URBANUS
1095 2174 1139 2219 PP.
1164 2172 1226 2215 Vill.

639 2443 761 2505 Inimici
773 2445 871 2506 nostri
887 2462 951 2507 non
963 2442 1142 2519 dormiunt,
1156 2452 1187 2507 et
1197 2443 1265 2506 dics
1278 2450 1448 2525 noctesque
1462 2443 1561 2505 discor·

596 2543 722 2606 diarum
738 2554 827 2626 pater
842 2546 957 2609 zizania
977 2546 1068 2621 serit,
1086 2554 1121 2608 ut
1135 2545 1168 2609 in
1181 2546 1325 2609 Ecclesiae
1337 2546 1428 2608 vinea
1441 2565 1496 2628 pro
1509 2544 1561 2605 lru·

597 2652 704 2707 mento
717 2646 862 2708 oriantur
873 2647 999 2721 tribuli,
1012 2654 1042 2709 ct
1055 2665 1113 2728 pro
1127 2646 1248 2709 hordeo
1263 2647 1370 2729 spinae.
1388 2647 1446 2708 Par
1460 2653 1502 2707 est
1512 2662 1561 2705 nos

597 2765 661 2809 non
675 2747 790 2809 minori
804 2746 967 2828 diligentia
982 2756 1150 2811 venenatas
1165 2747 1276 2830 stirpes
1288 2748 1438 2821 evellere,
1455 2755 1483 2808 et
1495 2746 1560 2806 inu-

596 2850 667 2912 tiles
687 2869 793 2913 ramos
817 2860 991 2932 amputare.
1014 2849 1219 2912 Silvescercnt
1234 2850 1376 2931 alloquin
1391 2867 1498 2912 omnes
1516 2866 1559 2909 re-

595 2952 721 3030 giones,
743 2961 774 3013 et
791 2970 862 3033 quae
877 2950 1041 3033 paradisus
1066 2951 1191 3014 Domini
1217 2969 1283 3013 esse
1303 2950 1439 3025 debent,
1466 2951 1560 3011 tierent

596 3056 750 3139 paulatim
761 3056 930 3118 seminaria
944 3074 1154 3130 venenorum,
1167 3064 1197 3117 et
1211 3074 1327 3137 pascua
1339 3054 1517 3118 draconum.
1531 3052 1559 3112 ld

597 3166 702 3221 autem
717 3178 813 3239 quam
830 3157 920 3220 facile
936 3160 967 3220 in
983 3159 1093 3221 Russia
1107 3159 1288 3239 contingere
1305 3160 1421 3242 possit,
1439 3175 1558 3241 praesen-

597 3270 643 3321 tes
657 3260 788 3321 miseriae
802 3259 917 3322 docent
936 3280 942 3321 ι
963 3260 1036 3321 inde
1058 3260 1144 3321 enim
1168 3259 1291 3322 infensa
1312 3262 1474 3323 catholice
1494 3258 1558 3321 reli-

596 3362 698 3443 gionis
718 3362 817 3423 hostis
839 3362 1037 3424 schismatica
1056 3362 1182 3425 haeresis
1202 3364 1374 3445 impiorum
1390 3364 1557 3445 dogmatum

597 3473 739 3526 monstra
753 3464 786 3525 in
803 3464 953 3527 linitimas
976 3466 1154 3548 provincias
1178 3466 1339 3543 immittit,
1363 3478 1393 3529 et
1416 3487 1512 3549 nuper
1532 3466 1556 3524 in

596 3570 785 3631 Cosacorum
813 3566 946 3631 concilia
974 3568 1106 3633 subdole
1137 3570 1300 3653 irrepens,
1332 3569 1557 3633 fortissimorum

596 3674 735 3736 militum
750 3674 870 3735 viribus
885 3682 1022 3749 armata,
1041 3692 1242 3756 propugnare
1263 3673 1358 3736 audet
1379 3691 1499 3736 causam
1513 3690 1552 3731 su-

597 3783 696 3847 tanae,
713 3783 744 3835 ct
754 3774 938 3837 orthodoxae
952 3776 1075 3838 veritati
1090 3775 1247 3838 excidium
1262 3776 1412 3838 minitari,
1433 3778 1554 3853 Exurge,

596 3895 650 3937 rer
662 3926 670 3950 ‚
684 3877 858 3939 Turcarum
876 3877 1020 3941 cladibus
1041 3887 1071 3941 et
1090 3878 1262 3960 impiorum
1280 3878 1361 3941 odiis
1381 3878 1554 3947 clarissime,

596 3978 800 4060 apprehende
810 3998 899 4041 arma
909 3989 940 4041 et
950 3988 1085 4055 scutum,
1099 3989 1128 4042 ct
1139 3980 1163 4042 si
1174 3980 1302 4064 pultlica
1315 3982 1399 4042 salus
1413 3980 1442 4041 id
1456 3980 1554 4057 exigat,

596 4091 772 4162 serpentem
797 4082 894 4163 hujus
919 4083 1105 4165 pestilentiae
1129 4085 1348 4165 contagionem
1373 4084 1453 4147 ferro
1475 4083 1556 4144 ctiam

598 4188 692 4263 atquc
712 4181 784 4261 igne
804 4201 922 4246 coerce.
943 4184 1017 4258 Quae
1031 4198 1103 4247 roro
1122 4204 1140 4248 a
1160 4184 1279 4267 Spiritu
1294 4194 1401 4248 sancto
1415 4190 1554 4267 protecta,
