<?xml version="1.0" encoding="UTF-8"?>
<!DOCTYPE html PUBLIC "-//W3C//DTD XHTML 1.0 Transitional//EN"
    "http://www.w3.org/TR/xhtml1/DTD/xhtml1-transitional.dtd">
<html xmlns="http://www.w3.org/1999/xhtml" xml:lang="en" lang="en">
 <head>
  <title>
</title>
<meta http-equiv="Content-Type" content="text/html;charset=utf-8" />
  <meta name='ocr-system' content='tesseract 3.04.00' />
  <meta name='ocr-capabilities' content='ocr_page ocr_carea ocr_par ocr_line ocrx_word'/>
</head>
<body>
  <div class='ocr_page' id='page_1' title='image "./cursusvitetcert00martgoog_0098.png"; bbox 0 0 3259 5484; ppageno 0'>
   <div class='ocr_carea' id='block_1_1' title="bbox 992 708 1172 779">
    <p class='ocr_par' dir='ltr' id='par_1_1' title="bbox 992 708 1172 779">
     <span class='ocr_line' id='line_1_1' title="bbox 992 708 1172 779; baseline 0.011 -16"><span class='ocrx_word' id='word_1_1' title='bbox 992 708 1172 779; x_wconf 74' lang='grc'>..74-</span> 
     </span>
    </p>
   </div>
   <div class='ocr_carea' id='block_1_2' title="bbox 322 868 1577 4217">
    <p class='ocr_par' dir='ltr' id='par_1_2' title="bbox 323 868 1569 2095">
     <span class='ocr_line' id='line_1_2' title="bbox 323 868 1566 979; baseline 0.004 -41"><span class='ocrx_word' id='word_1_2' title='bbox 323 870 482 979; x_wconf 54' lang='lat' dir='ltr'>mm</span> <span class='ocrx_word' id='word_1_3' title='bbox 497 872 567 927; x_wconf 56' lang='grc' dir='ltr'>Μ’·</span> <span class='ocrx_word' id='word_1_4' title='bbox 596 868 703 948; x_wconf 72' lang='lat'>1622,</span> <span class='ocrx_word' id='word_1_5' title='bbox 729 868 765 938; x_wconf 94' lang='lat' dir='ltr'>in</span> <span class='ocrx_word' id='word_1_6' title='bbox 787 870 878 939; x_wconf 88' lang='lat' dir='ltr'>losto</span> <span class='ocrx_word' id='word_1_7' title='bbox 901 874 1137 948; x_wconf 77' lang='lat' dir='ltr'>pentecostes,</span> <span class='ocrx_word' id='word_1_8' title='bbox 1162 871 1206 939; x_wconf 93' lang='lat' dir='ltr'>ad</span> <span class='ocrx_word' id='word_1_9' title='bbox 1221 871 1405 941; x_wconf 87' lang='lat' dir='ltr'>ecclesiam</span> <span class='ocrx_word' id='word_1_10' title='bbox 1419 873 1566 965; x_wconf 76' lang='lat' dir='ltr'>Spiritus</span> 
     </span>
     <span class='ocr_line' id='line_1_3' title="bbox 594 985 1565 1081; baseline 0.004 -26"><span class='ocrx_word' id='word_1_11' title='bbox 594 986 723 1067; x_wconf 88' lang='lat' dir='ltr'>sancti,</span> <span class='ocrx_word' id='word_1_12' title='bbox 738 985 864 1056; x_wconf 82' lang='lat' dir='ltr'>uirllei</span> <span class='ocrx_word' id='word_1_13' title='bbox 877 986 1096 1070; x_wconf 64' lang='lat' dir='ltr'>institueram</span> <span class='ocrx_word' id='word_1_14' title='bbox 1109 987 1166 1056; x_wconf 90' lang='lat' dir='ltr'>oui</span> <span class='ocrx_word' id='word_1_15' title='bbox 1181 995 1288 1081; x_wconf 88' lang='lat' dir='ltr'>ponte</span> <span class='ocrx_word' id='word_1_16' title='bbox 1303 1011 1411 1081; x_wconf 87' lang='lat' dir='ltr'>super</span> <span class='ocrx_word' id='word_1_17' title='bbox 1421 990 1565 1059; x_wconf 81' lang='lat' dir='ltr'>sublicio</span> 
     </span>
     <span class='ocr_line' id='line_1_4' title="bbox 593 1101 1566 1183; baseline 0.002 -12"><span class='ocrx_word' id='word_1_18' title='bbox 593 1101 736 1171; x_wconf 87' lang='lat' dir='ltr'>obvium</span> <span class='ocrx_word' id='word_1_19' title='bbox 758 1124 836 1172; x_wconf 88' lang='lat' dir='ltr'>sese</span> <span class='ocrx_word' id='word_1_20' title='bbox 857 1102 940 1171; x_wconf 91' lang='lat' dir='ltr'>tulit</span> <span class='ocrx_word' id='word_1_21' title='bbox 963 1102 1092 1171; x_wconf 90' lang='lat' dir='ltr'>nobilis</span> <span class='ocrx_word' id='word_1_22' title='bbox 1113 1102 1314 1183; x_wconf 80' lang='lat' dir='ltr'>Vasdeuski,</span> <span class='ocrx_word' id='word_1_23' title='bbox 1333 1104 1566 1173; x_wconf 86' lang='lat' dir='ltr'>Vitehsoensis</span> 
     </span>
     <span class='ocr_line' id='line_1_5' title="bbox 595 1214 1566 1307; baseline 0.002 -26"><span class='ocrx_word' id='word_1_24' title='bbox 595 1214 750 1306; x_wconf 82' lang='lat' dir='ltr'>praesidii</span> <span class='ocrx_word' id='word_1_25' title='bbox 765 1215 972 1307; x_wconf 77' lang='lat' dir='ltr'>praefectuS,</span> <span class='ocrx_word' id='word_1_26' title='bbox 987 1214 1155 1307; x_wconf 84' lang='lat' dir='ltr'>religione</span> <span class='ocrx_word' id='word_1_27' title='bbox 1171 1215 1433 1297; x_wconf 88' lang='lat' dir='ltr'>schismaticus,</span> <span class='ocrx_word' id='word_1_28' title='bbox 1451 1217 1566 1285; x_wconf 93' lang='lat' dir='ltr'>multi·</span> 
     </span>
     <span class='ocr_line' id='line_1_6' title="bbox 595 1328 1565 1421; baseline 0 -25"><span class='ocrx_word' id='word_1_29' title='bbox 595 1328 718 1398; x_wconf 90' lang='lat' dir='ltr'>tudine</span> <span class='ocrx_word' id='word_1_30' title='bbox 738 1352 881 1399; x_wconf 89' lang='lat' dir='ltr'>snorum</span> <span class='ocrx_word' id='word_1_31' title='bbox 906 1336 1046 1420; x_wconf 88' lang='lat' dir='ltr'>septus,</span> <span class='ocrx_word' id='word_1_32' title='bbox 1065 1329 1124 1421; x_wconf 94' lang='lat' dir='ltr'>qui</span> <span class='ocrx_word' id='word_1_33' title='bbox 1143 1329 1309 1398; x_wconf 91' lang='lat' dir='ltr'>omnibus</span> <span class='ocrx_word' id='word_1_34' title='bbox 1333 1328 1368 1396; x_wconf 94' lang='lat' dir='ltr'>in</span> <span class='ocrx_word' id='word_1_35' title='bbox 1390 1336 1565 1421; x_wconf 83' lang='lat' dir='ltr'><strong>pastorem</strong></span> 
     </span>
     <span class='ocr_line' id='line_1_7' title="bbox 595 1438 1565 1521; baseline 0.002 -14"><span class='ocrx_word' id='word_1_36' title='bbox 595 1438 831 1510; x_wconf 86' lang='lat' dir='ltr'>debacchatus</span> <span class='ocrx_word' id='word_1_37' title='bbox 846 1440 1028 1521; x_wconf 87' lang='lat' dir='ltr'>conviciis,</span> <span class='ocrx_word' id='word_1_38' title='bbox 1055 1464 1134 1511; x_wconf 91' lang='lat' dir='ltr'>cum</span> <span class='ocrx_word' id='word_1_39' title='bbox 1162 1442 1232 1509; x_wconf 90' lang='lat' dir='ltr'>vim</span> <span class='ocrx_word' id='word_1_40' title='bbox 1261 1442 1469 1511; x_wconf 79' lang='lat' dir='ltr'>detrudendi</span> <span class='ocrx_word' id='word_1_41' title='bbox 1490 1464 1565 1511; x_wconf 88' lang='lat' dir='ltr'>eum</span> 
     </span>
     <span class='ocr_line' id='line_1_8' title="bbox 595 1554 1567 1647; baseline 0.002 -26"><span class='ocrx_word' id='word_1_42' title='bbox 595 1554 638 1621; x_wconf 89' lang='lat' dir='ltr'>de</span> <span class='ocrx_word' id='word_1_43' title='bbox 659 1560 766 1645; x_wconf 90' lang='lat' dir='ltr'>ponte</span> <span class='ocrx_word' id='word_1_44' title='bbox 787 1554 992 1645; x_wconf 86' lang='lat' dir='ltr'>adjecisset,</span> <span class='ocrx_word' id='word_1_45' title='bbox 1022 1554 1282 1647; x_wconf 79' lang='lat' dir='ltr'>processionem</span> <span class='ocrx_word' id='word_1_46' title='bbox 1305 1554 1489 1623; x_wconf 87' lang='lat' dir='ltr'>confusam</span> <span class='ocrx_word' id='word_1_47' title='bbox 1510 1577 1567 1623; x_wconf 88' lang='lat' dir='ltr'>re-</span> 
     </span>
     <span class='ocr_line' id='line_1_9' title="bbox 594 1663 1568 1757; baseline 0 -26"><span class='ocrx_word' id='word_1_48' title='bbox 594 1663 684 1733; x_wconf 87' lang='lat' dir='ltr'>verti</span> <span class='ocrx_word' id='word_1_49' title='bbox 709 1664 834 1756; x_wconf 81' lang='lat' dir='ltr'>coegit.</span> <span class='ocrx_word' id='word_1_50' title='bbox 863 1664 924 1734; x_wconf 86' lang='lat' dir='ltr'>llic</span> <span class='ocrx_word' id='word_1_51' title='bbox 951 1664 1047 1735; x_wconf 88' lang='lat' dir='ltr'>brevi</span> <span class='ocrx_word' id='word_1_52' title='bbox 1074 1672 1154 1757; x_wconf 92' lang='lat' dir='ltr'>post</span> <span class='ocrx_word' id='word_1_53' title='bbox 1174 1676 1353 1757; x_wconf 89' lang='lat' dir='ltr'>tempore,</span> <span class='ocrx_word' id='word_1_54' title='bbox 1378 1665 1568 1733; x_wconf 89' lang='lat' dir='ltr'>herodiana</span> 
     </span>
     <span class='ocr_line' id='line_1_10' title="bbox 595 1777 1569 1871; baseline 0 -26"><span class='ocrx_word' id='word_1_55' title='bbox 595 1777 702 1845; x_wconf 87' lang='lat' dir='ltr'>vitam</span> <span class='ocrx_word' id='word_1_56' title='bbox 719 1778 918 1847; x_wconf 85' lang='lat' dir='ltr'>interclusit</span> <span class='ocrx_word' id='word_1_57' title='bbox 928 1778 1147 1871; x_wconf 70' lang='lat' dir='ltr'>egritudine.</span> <span class='ocrx_word' id='word_1_58' title='bbox 1161 1780 1287 1848; x_wconf 87' lang='lat' dir='ltr'>Levius</span> <span class='ocrx_word' id='word_1_59' title='bbox 1300 1786 1415 1848; x_wconf 87' lang='lat' dir='ltr'>tamen</span> <span class='ocrx_word' id='word_1_60' title='bbox 1428 1780 1569 1847; x_wconf 83' lang='lat' dir='ltr'>hocaes-</span> 
     </span>
     <span class='ocr_line' id='line_1_11' title="bbox 596 1889 1568 1983; baseline 0.002 -27"><span class='ocrx_word' id='word_1_61' title='bbox 596 1889 757 1959; x_wconf 83' lang='lat' dir='ltr'>limatum</span> <span class='ocrx_word' id='word_1_62' title='bbox 782 1912 856 1982; x_wconf 86' lang='lat' dir='ltr'>prae</span> <span class='ocrx_word' id='word_1_63' title='bbox 877 1891 953 1971; x_wconf 92' lang='lat' dir='ltr'>illo,</span> <span class='ocrx_word' id='word_1_64' title='bbox 971 1912 1051 1961; x_wconf 89' lang='lat' dir='ltr'>oum</span> <span class='ocrx_word' id='word_1_65' title='bbox 1074 1914 1137 1983; x_wconf 93' lang='lat' dir='ltr'>pro</span> <span class='ocrx_word' id='word_1_66' title='bbox 1154 1891 1360 1961; x_wconf 77' lang='lat' dir='ltr'>celebritate</span> <span class='ocrx_word' id='word_1_67' title='bbox 1373 1892 1568 1982; x_wconf 88' lang='lat' dir='ltr'>Transfigu-</span> 
     </span>
     <span class='ocr_line' id='line_1_12' title="bbox 595 2000 1569 2095; baseline 0.005 -29"><span class='ocrx_word' id='word_1_68' title='bbox 595 2000 741 2070; x_wconf 90' lang='lat' dir='ltr'>rationis</span> <span class='ocrx_word' id='word_1_69' title='bbox 751 2001 889 2070; x_wconf 90' lang='lat' dir='ltr'>Domini</span> <span class='ocrx_word' id='word_1_70' title='bbox 900 2023 991 2070; x_wconf 91' lang='lat' dir='ltr'>anno</span> <span class='ocrx_word' id='word_1_71' title='bbox 1007 2002 1092 2071; x_wconf 73' lang='lat' dir='ltr'>toea</span> <span class='ocrx_word' id='word_1_72' title='bbox 1107 2004 1437 2095; x_wconf 90' lang='lat' dir='ltr'>solemneJosaphat</span> <span class='ocrx_word' id='word_1_73' title='bbox 1448 2009 1569 2095; x_wconf 90' lang='lat' dir='ltr'>ageret</span> 
     </span>
    </p>

    <p class='ocr_par' dir='ltr' id='par_1_3' title="bbox 336 2109 1567 2226">
     <span class='ocr_line' id='line_1_13' title="bbox 336 2109 1567 2226; baseline 0.002 -49"><span class='ocrx_word' id='word_1_74' title='bbox 336 2120 555 2226; x_wconf 55' lang='lat' dir='ltr'>plurumas</span> <span class='ocrx_word' id='word_1_75' title='bbox 595 2131 745 2179; x_wconf 90' lang='lat' dir='ltr'>sacrum.</span> <span class='ocrx_word' id='word_1_76' title='bbox 761 2109 948 2181; x_wconf 87' lang='lat' dir='ltr'>Maximum</span> <span class='ocrx_word' id='word_1_77' title='bbox 969 2112 1063 2181; x_wconf 88' lang='lat' dir='ltr'>enim</span> <span class='ocrx_word' id='word_1_78' title='bbox 1079 2112 1341 2205; x_wconf 81' lang='lat' dir='ltr'>l&#39;urczynovioz,</span> <span class='ocrx_word' id='word_1_79' title='bbox 1365 2113 1567 2204; x_wconf 86' lang='lat' dir='ltr'>religiosum</span> 
     </span>
    </p>

    <p class='ocr_par' dir='ltr' id='par_1_4' title="bbox 344 2184 1572 2867">
     <span class='ocr_line' id='line_1_14' title="bbox 344 2184 1570 2317; baseline 0.005 -29"><span class='ocrx_word' id='word_1_80' title='bbox 344 2184 558 2229; x_wconf 51' lang='lat' dir='ltr'>‘mmmm&#39;</span> <span class='ocrx_word' id='word_1_81' title='bbox 595 2228 631 2289; x_wconf 90' lang='lat' dir='ltr'>et</span> <span class='ocrx_word' id='word_1_82' title='bbox 646 2222 912 2313; x_wconf 81' lang='lat' dir='ltr'>presbyterum,</span> <span class='ocrx_word' id='word_1_83' title='bbox 931 2223 967 2291; x_wconf 93' lang='lat' dir='ltr'>in</span> <span class='ocrx_word' id='word_1_84' title='bbox 978 2245 1077 2293; x_wconf 85' lang='lat' dir='ltr'>sacro</span> <span class='ocrx_word' id='word_1_85' title='bbox 1089 2231 1234 2305; x_wconf 91' lang='lat' dir='ltr'>ornatu,</span> <span class='ocrx_word' id='word_1_86' title='bbox 1250 2231 1408 2317; x_wconf 89' lang='lat' dir='ltr'>tempore</span> <span class='ocrx_word' id='word_1_87' title='bbox 1422 2225 1570 2294; x_wconf 80' lang='lat' dir='ltr'>oblatio</span> 
     </span>
     <span class='ocr_line' id='line_1_15' title="bbox 597 2334 1569 2429; baseline 0.005 -26"><span class='ocrx_word' id='word_1_88' title='bbox 597 2334 652 2403; x_wconf 89' lang='lat' dir='ltr'>nis</span> <span class='ocrx_word' id='word_1_89' title='bbox 666 2355 711 2404; x_wconf 85' lang='lat' dir='ltr'>ex</span> <span class='ocrx_word' id='word_1_90' title='bbox 725 2334 840 2426; x_wconf 82' lang='lat' dir='ltr'>adytis</span> <span class='ocrx_word' id='word_1_91' title='bbox 859 2357 956 2405; x_wconf 89' lang='lat' dir='ltr'>more</span> <span class='ocrx_word' id='word_1_92' title='bbox 982 2340 1182 2406; x_wconf 73' lang='lat' dir='ltr'>Graecorum</span> <span class='ocrx_word' id='word_1_93' title='bbox 1210 2340 1487 2429; x_wconf 88' lang='lat' dir='ltr'>procedentem,</span> <span class='ocrx_word' id='word_1_94' title='bbox 1512 2361 1569 2408; x_wconf 93' lang='lat' dir='ltr'>re-</span> 
     </span>
     <span class='ocr_line' id='line_1_16' title="bbox 596 2445 1569 2538; baseline 0.003 -24"><span class='ocrx_word' id='word_1_95' title='bbox 596 2445 707 2515; x_wconf 90' lang='lat' dir='ltr'>belles</span> <span class='ocrx_word' id='word_1_96' title='bbox 721 2445 903 2538; x_wconf 87' lang='lat' dir='ltr'>arripuere</span> <span class='ocrx_word' id='word_1_97' title='bbox 919 2470 926 2515; x_wconf 92' lang='lat'><strong>:</strong></span> <span class='ocrx_word' id='word_1_98' title='bbox 944 2453 980 2516; x_wconf 90' lang='lat' dir='ltr'>et</span> <span class='ocrx_word' id='word_1_99' title='bbox 1001 2448 1073 2517; x_wconf 86' lang='lat' dir='ltr'>fere</span> <span class='ocrx_word' id='word_1_100' title='bbox 1089 2447 1210 2517; x_wconf 87' lang='lat' dir='ltr'>lethali</span> <span class='ocrx_word' id='word_1_101' title='bbox 1226 2448 1262 2517; x_wconf 92' lang='lat' dir='ltr'>in</span> <span class='ocrx_word' id='word_1_102' title='bbox 1277 2449 1391 2519; x_wconf 88' lang='lat' dir='ltr'>medio</span> <span class='ocrx_word' id='word_1_103' title='bbox 1411 2449 1569 2519; x_wconf 78' lang='lat' dir='ltr'>ecelesiae</span> 
     </span>
     <span class='ocr_line' id='line_1_17' title="bbox 595 2557 1567 2654; baseline 0.005 -29"><span class='ocrx_word' id='word_1_104' title='bbox 595 2557 769 2627; x_wconf 84' lang='lat' dir='ltr'>fustuario</span> <span class='ocrx_word' id='word_1_105' title='bbox 788 2564 996 2629; x_wconf 89' lang='lat' dir='ltr'>tractavere.</span> <span class='ocrx_word' id='word_1_106' title='bbox 1019 2560 1175 2629; x_wconf 89' lang='lat' dir='ltr'>Occisuri</span> <span class='ocrx_word' id='word_1_107' title='bbox 1188 2562 1231 2629; x_wconf 91' lang='lat' dir='ltr'>ad</span> <span class='ocrx_word' id='word_1_108' title='bbox 1247 2582 1342 2629; x_wconf 91' lang='lat' dir='ltr'>aram</span> <span class='ocrx_word' id='word_1_109' title='bbox 1357 2561 1567 2654; x_wconf 75' lang='lat' dir='ltr'>praesulem</span> 
     </span>
     <span class='ocr_line' id='line_1_18' title="bbox 595 2667 1572 2763; baseline 0.003 -27"><span class='ocrx_word' id='word_1_110' title='bbox 595 2667 631 2736; x_wconf 89' lang='lat' dir='ltr'>ni</span> <span class='ocrx_word' id='word_1_111' title='bbox 646 2668 690 2737; x_wconf 88' lang='lat' dir='ltr'>ab</span> <span class='ocrx_word' id='word_1_112' title='bbox 707 2667 865 2759; x_wconf 86' lang='lat' dir='ltr'>equestri</span> <span class='ocrx_word' id='word_1_113' title='bbox 886 2669 994 2738; x_wconf 89' lang='lat' dir='ltr'>latino</span> <span class='ocrx_word' id='word_1_114' title='bbox 1018 2677 1054 2739; x_wconf 91' lang='lat' dir='ltr'>et</span> <span class='ocrx_word' id='word_1_115' title='bbox 1075 2670 1174 2739; x_wconf 86' lang='lat' dir='ltr'>unito</span> <span class='ocrx_word' id='word_1_116' title='bbox 1198 2692 1302 2763; x_wconf 84' lang='lat' dir='ltr'>grege</span> <span class='ocrx_word' id='word_1_117' title='bbox 1318 2671 1463 2741; x_wconf 87' lang='lat' dir='ltr'>coerciti</span> <span class='ocrx_word' id='word_1_118' title='bbox 1481 2673 1572 2741; x_wconf 85' lang='lat' dir='ltr'>luis-</span> 
     </span>
     <span class='ocr_line' id='line_1_19' title="bbox 595 2782 1570 2867; baseline 0.001 -14"><span class='ocrx_word' id='word_1_119' title='bbox 595 2789 685 2855; x_wconf 91' lang='lat' dir='ltr'>sent.</span> <span class='ocrx_word' id='word_1_120' title='bbox 702 2786 768 2851; x_wconf 89' lang='lat' dir='ltr'>Pro</span> <span class='ocrx_word' id='word_1_121' title='bbox 782 2782 950 2853; x_wconf 88' lang='lat' dir='ltr'>concione</span> <span class='ocrx_word' id='word_1_122' title='bbox 963 2784 1116 2867; x_wconf 89' lang='lat' dir='ltr'>Vitebsci</span> <span class='ocrx_word' id='word_1_123' title='bbox 1132 2785 1283 2855; x_wconf 85' lang='lat' dir='ltr'>fortibus</span> <span class='ocrx_word' id='word_1_124' title='bbox 1297 2786 1527 2857; x_wconf 86' lang='lat' dir='ltr'>invehentem</span> <span class='ocrx_word' id='word_1_125' title='bbox 1539 2787 1570 2854; x_wconf 93' lang='lat' dir='ltr'>in</span> 
     </span>
    </p>

    <p class='ocr_par' dir='ltr' id='par_1_5' title="bbox 322 2894 1568 2991">
     <span class='ocr_line' id='line_1_20' title="bbox 322 2894 1568 2991; baseline 0.003 -30"><span class='ocrx_word' id='word_1_126' title='bbox 322 2918 565 2991; x_wconf 51' lang='lat' dir='ltr'>columbanum</span> <span class='ocrx_word' id='word_1_127' title='bbox 595 2894 747 2963; x_wconf 88' lang='lat' dir='ltr'>schisma</span> <span class='ocrx_word' id='word_1_128' title='bbox 764 2894 992 2986; x_wconf 75' lang='lat' dir='ltr'>iosaphatum</span> <span class='ocrx_word' id='word_1_129' title='bbox 1014 2896 1250 2988; x_wconf 86' lang='lat' dir='ltr'>argumentis,</span> <span class='ocrx_word' id='word_1_130' title='bbox 1268 2898 1421 2966; x_wconf 80' lang='lat' dir='ltr'>Adamus</span> <span class='ocrx_word' id='word_1_131' title='bbox 1441 2902 1568 2975; x_wconf 83' lang='lat' dir='ltr'>Kosov‚</span> 
     </span>
    </p>

    <p class='ocr_par' dir='ltr' id='par_1_6' title="bbox 384 2982 1577 4217">
     <span class='ocr_line' id='line_1_21' title="bbox 384 2982 1569 3099; baseline 0.002 -25"><span class='ocrx_word' id='word_1_132' title='bbox 384 2982 505 3025; x_wconf 65' lang='lat'>”⁰¹¹¹&#39;&#39;¹‘¹¹&#39;&#39;</span> <span class='ocrx_word' id='word_1_133' title='bbox 594 3004 752 3095; x_wconf 85' lang='lat' dir='ltr'>ejusdem</span> <span class='ocrx_word' id='word_1_134' title='bbox 769 3011 874 3075; x_wconf 85' lang='lat' dir='ltr'>seotae</span> <span class='ocrx_word' id='word_1_135' title='bbox 890 3005 1071 3086; x_wconf 90' lang='lat' dir='ltr'>alumnus,</span> <span class='ocrx_word' id='word_1_136' title='bbox 1085 3006 1247 3098; x_wconf 88' lang='lat' dir='ltr'>trajicere</span> <span class='ocrx_word' id='word_1_137' title='bbox 1262 3006 1366 3099; x_wconf 83' lang='lat' dir='ltr'>globo</span> <span class='ocrx_word' id='word_1_138' title='bbox 1382 3014 1569 3086; x_wconf 85' lang='lat' dir='ltr'>statuerat,</span> 
     </span>
     <span class='ocr_line' id='line_1_22' title="bbox 594 3116 1572 3209; baseline -0.001 -24"><span class='ocrx_word' id='word_1_139' title='bbox 594 3138 660 3185; x_wconf 89' lang='lat' dir='ltr'>nec</span> <span class='ocrx_word' id='word_1_140' title='bbox 685 3116 746 3185; x_wconf 91' lang='lat' dir='ltr'>Dei</span> <span class='ocrx_word' id='word_1_141' title='bbox 771 3116 961 3186; x_wconf 83' lang='lat' dir='ltr'>uindictam</span> <span class='ocrx_word' id='word_1_142' title='bbox 987 3117 1130 3209; x_wconf 86' lang='lat' dir='ltr'>effugit,</span> <span class='ocrx_word' id='word_1_143' title='bbox 1148 3124 1356 3188; x_wconf 77' lang='lat' dir='ltr'>excaecatus.</span> <span class='ocrx_word' id='word_1_144' title='bbox 1382 3122 1484 3188; x_wconf 86' lang='lat' dir='ltr'>Inter</span> <span class='ocrx_word' id='word_1_145' title='bbox 1509 3120 1572 3188; x_wconf 86' lang='lat' dir='ltr'>alia</span> 
     </span>
     <span class='ocr_line' id='line_1_23' title="bbox 593 3230 1573 3325; baseline 0.003 -27"><span class='ocrx_word' id='word_1_146' title='bbox 593 3230 786 3311; x_wconf 92' lang='lat' dir='ltr'>molimina,</span> <span class='ocrx_word' id='word_1_147' title='bbox 804 3230 1050 3303; x_wconf 86' lang='lat' dir='ltr'>Vitebscenses</span> <span class='ocrx_word' id='word_1_148' title='bbox 1065 3234 1229 3303; x_wconf 88' lang='lat' dir='ltr'>consules</span> <span class='ocrx_word' id='word_1_149' title='bbox 1244 3234 1433 3325; x_wconf 87' lang='lat' dir='ltr'>quemdam</span> <span class='ocrx_word' id='word_1_150' title='bbox 1448 3236 1573 3303; x_wconf 91' lang='lat' dir='ltr'>conci-</span> 
     </span>
     <span class='ocr_line' id='line_1_24' title="bbox 593 3342 1573 3434; baseline 0.005 -26"><span class='ocrx_word' id='word_1_151' title='bbox 593 3363 672 3411; x_wconf 87' lang='lat' dir='ltr'>vem</span> <span class='ocrx_word' id='word_1_152' title='bbox 699 3364 802 3410; x_wconf 91' lang='lat' dir='ltr'>suum</span> <span class='ocrx_word' id='word_1_153' title='bbox 835 3342 1046 3434; x_wconf 91' lang='lat' dir='ltr'>piscatorem</span> <span class='ocrx_word' id='word_1_154' title='bbox 1075 3344 1338 3423; x_wconf 87' lang='lat' dir='ltr'>instruxerant,</span> <span class='ocrx_word' id='word_1_155' title='bbox 1364 3351 1404 3413; x_wconf 89' lang='lat' dir='ltr'>ut</span> <span class='ocrx_word' id='word_1_156' title='bbox 1430 3356 1573 3415; x_wconf 86' lang='lat' dir='ltr'>vectum</span> 
     </span>
     <span class='ocr_line' id='line_1_25' title="bbox 593 3453 1574 3547; baseline 0.005 -27"><span class='ocrx_word' id='word_1_157' title='bbox 593 3453 738 3523; x_wconf 87' lang='lat' dir='ltr'>flumine</span> <span class='ocrx_word' id='word_1_158' title='bbox 758 3462 959 3546; x_wconf 85' lang='lat' dir='ltr'>pastorem,</span> <span class='ocrx_word' id='word_1_159' title='bbox 988 3478 1032 3527; x_wconf 86' lang='lat' dir='ltr'>ex</span> <span class='ocrx_word' id='word_1_160' title='bbox 1055 3456 1141 3527; x_wconf 93' lang='lat' dir='ltr'>tubo</span> <span class='ocrx_word' id='word_1_161' title='bbox 1163 3456 1279 3525; x_wconf 87' lang='lat' dir='ltr'>ferreo</span> <span class='ocrx_word' id='word_1_162' title='bbox 1300 3456 1429 3525; x_wconf 86' lang='lat' dir='ltr'>emissa</span> <span class='ocrx_word' id='word_1_163' title='bbox 1444 3459 1574 3547; x_wconf 84' lang='lat' dir='ltr'>glande</span> 
     </span>
     <span class='ocr_line' id='line_1_26' title="bbox 594 3566 1575 3659; baseline 0.004 -26"><span class='ocrx_word' id='word_1_164' title='bbox 594 3570 775 3635; x_wconf 88' lang='lat' dir='ltr'>mactaret.</span> <span class='ocrx_word' id='word_1_165' title='bbox 793 3567 860 3635; x_wconf 89' lang='lat' dir='ltr'>Sed</span> <span class='ocrx_word' id='word_1_166' title='bbox 876 3566 957 3657; x_wconf 90' lang='lat' dir='ltr'>quia</span> <span class='ocrx_word' id='word_1_167' title='bbox 971 3588 1156 3659; x_wconf 83' lang='lat' dir='ltr'>personam</span> <span class='ocrx_word' id='word_1_168' title='bbox 1179 3590 1248 3637; x_wconf 88' lang='lat' dir='ltr'>non</span> <span class='ocrx_word' id='word_1_169' title='bbox 1266 3575 1429 3649; x_wconf 87' lang='lat' dir='ltr'>noverat,</span> <span class='ocrx_word' id='word_1_170' title='bbox 1449 3576 1575 3639; x_wconf 80' lang='lat' dir='ltr'>altres</span> 
     </span>
     <span class='ocr_line' id='line_1_27' title="bbox 593 3675 1575 3771; baseline 0.005 -27"><span class='ocrx_word' id='word_1_171' title='bbox 593 3675 719 3766; x_wconf 82' lang='lat' dir='ltr'>cymba</span> <span class='ocrx_word' id='word_1_172' title='bbox 732 3676 964 3757; x_wconf 86' lang='lat' dir='ltr'>vehebantur,</span> <span class='ocrx_word' id='word_1_173' title='bbox 983 3676 1106 3747; x_wconf 88' lang='lat' dir='ltr'>sceleri</span> <span class='ocrx_word' id='word_1_174' title='bbox 1118 3684 1193 3747; x_wconf 91' lang='lat' dir='ltr'>tum</span> <span class='ocrx_word' id='word_1_175' title='bbox 1206 3679 1378 3769; x_wconf 86' lang='lat' dir='ltr'>patrando</span> <span class='ocrx_word' id='word_1_176' title='bbox 1401 3702 1575 3771; x_wconf 90' lang='lat' dir='ltr'>superse-</span> 
     </span>
     <span class='ocr_line' id='line_1_28' title="bbox 594 3786 1577 3881; baseline 0.006 -27"><span class='ocrx_word' id='word_1_177' title='bbox 594 3786 705 3855; x_wconf 92' lang='lat' dir='ltr'>derat.</span> <span class='ocrx_word' id='word_1_178' title='bbox 727 3789 813 3856; x_wconf 88' lang='lat' dir='ltr'>Cum</span> <span class='ocrx_word' id='word_1_179' title='bbox 831 3808 914 3855; x_wconf 89' lang='lat' dir='ltr'>vero</span> <span class='ocrx_word' id='word_1_180' title='bbox 936 3787 971 3853; x_wconf 92' lang='lat' dir='ltr'>in</span> <span class='ocrx_word' id='word_1_181' title='bbox 992 3787 1139 3857; x_wconf 87' lang='lat' dir='ltr'>ecclesia</span> <span class='ocrx_word' id='word_1_182' title='bbox 1162 3795 1372 3881; x_wconf 84' lang='lat' dir='ltr'>praesentem</span> <span class='ocrx_word' id='word_1_183' title='bbox 1399 3790 1498 3861; x_wconf 88' lang='lat' dir='ltr'>bene</span> <span class='ocrx_word' id='word_1_184' title='bbox 1522 3793 1577 3860; x_wconf 90' lang='lat' dir='ltr'>in-</span> 
     </span>
     <span class='ocr_line' id='line_1_29' title="bbox 594 3893 1577 3985; baseline 0.006 -23"><span class='ocrx_word' id='word_1_185' title='bbox 594 3893 780 3985; x_wconf 82' lang='lat' dir='ltr'>spexisset,</span> <span class='ocrx_word' id='word_1_186' title='bbox 796 3894 1075 3985; x_wconf 86' lang='lat' dir='ltr'>sequentianno,</span> <span class='ocrx_word' id='word_1_187' title='bbox 1090 3897 1133 3965; x_wconf 87' lang='lat' dir='ltr'>ad</span> <span class='ocrx_word' id='word_1_188' title='bbox 1148 3896 1241 3965; x_wconf 87' lang='lat' dir='ltr'>idem</span> <span class='ocrx_word' id='word_1_189' title='bbox 1254 3896 1421 3967; x_wconf 89' lang='lat' dir='ltr'>inductus</span> <span class='ocrx_word' id='word_1_190' title='bbox 1437 3900 1577 3973; x_wconf 86' lang='lat' dir='ltr'>facinus</span> 
     </span>
     <span class='ocr_line' id='line_1_30' title="bbox 593 4005 1577 4099; baseline 0.006 -26"><span class='ocrx_word' id='word_1_191' title='bbox 593 4005 776 4074; x_wconf 90' lang='lat' dir='ltr'>commodo</span> <span class='ocrx_word' id='word_1_192' title='bbox 800 4027 837 4077; x_wconf 88' lang='lat' dir='ltr'>se</span> <span class='ocrx_word' id='word_1_193' title='bbox 857 4005 1042 4077; x_wconf 86' lang='lat' dir='ltr'>constituit</span> <span class='ocrx_word' id='word_1_194' title='bbox 1058 4006 1147 4075; x_wconf 92' lang='lat' dir='ltr'>loco.</span> <span class='ocrx_word' id='word_1_195' title='bbox 1179 4011 1221 4076; x_wconf 86' lang='lat' dir='ltr'>Et</span> <span class='ocrx_word' id='word_1_196' title='bbox 1237 4007 1311 4099; x_wconf 87' lang='lat' dir='ltr'>jam</span> <span class='ocrx_word' id='word_1_197' title='bbox 1340 4016 1577 4099; x_wconf 81' lang='lat' dir='ltr'>praeterueoto</span> 
     </span>
     <span class='ocr_line' id='line_1_31' title="bbox 593 4113 1577 4217; baseline 0.007 -32"><span class='ocrx_word' id='word_1_198' title='bbox 593 4113 681 4195; x_wconf 87' lang='lat' dir='ltr'>alio,</span> <span class='ocrx_word' id='word_1_199' title='bbox 699 4135 770 4208; x_wconf 89' lang='lat' dir='ltr'>quo</span> <span class='ocrx_word' id='word_1_200' title='bbox 790 4114 1006 4191; x_wconf 77' lang='lat' dir='ltr'>famulitium</span> <span class='ocrx_word' id='word_1_201' title='bbox 1025 4117 1233 4217; x_wconf 86' lang='lat' dir='ltr'>portabatur</span> <span class='ocrx_word' id='word_1_202' title='bbox 1257 4118 1373 4198; x_wconf 88' lang='lat' dir='ltr'>lintre,</span> <span class='ocrx_word' id='word_1_203' title='bbox 1397 4118 1471 4189; x_wconf 87' lang='lat' dir='ltr'>alio</span> <span class='ocrx_word' id='word_1_204' title='bbox 1501 4143 1577 4197; x_wconf 85' lang='lat' dir='ltr'>curn</span> 
     </span>
    </p>
   </div>
   <div class='ocr_carea' id='block_1_3' title="bbox 0 0 1640 5476">
    <p class='ocr_par' dir='ltr' id='par_1_7' title="bbox 0 0 1640 5476">
     <span class='ocr_line' id='line_1_32' title="bbox 0 0 1640 5476; baseline 0 0"><span class='ocrx_word' id='word_1_205' title='bbox 0 0 1640 5476; x_wconf 95' lang='lat' dir='ltr'> </span> 
     </span>
    </p>
   </div>
  </div>
 </body>
</html>
