<?xml version="1.0" encoding="UTF-8"?>
<!DOCTYPE html PUBLIC "-//W3C//DTD XHTML 1.0 Transitional//EN"
    "http://www.w3.org/TR/xhtml1/DTD/xhtml1-transitional.dtd">
<html xmlns="http://www.w3.org/1999/xhtml" xml:lang="en" lang="en">
 <head>
  <title>
</title>
<meta http-equiv="Content-Type" content="text/html;charset=utf-8" />
  <meta name='ocr-system' content='tesseract 3.04.00' />
  <meta name='ocr-capabilities' content='ocr_page ocr_carea ocr_par ocr_line ocrx_word'/>
</head>
<body>
  <div class='ocr_page' id='page_1' title='image "./cursusvitetcert00martgoog_0128.png"; bbox 0 0 3259 5484; ppageno 0'>
   <div class='ocr_carea' id='block_1_1' title="bbox 934 670 1134 743">
    <p class='ocr_par' dir='ltr' id='par_1_1' title="bbox 934 670 1134 743">
     <span class='ocr_line' id='line_1_1' title="bbox 934 670 1134 743; baseline 0.01 -2"><span class='ocrx_word' id='word_1_1' title='bbox 934 670 1134 743; x_wconf 78' lang='lat' dir='ltr'>-rul-</span> 
     </span>
    </p>
   </div>
   <div class='ocr_carea' id='block_1_2' title="bbox 550 835 1515 2489">
    <p class='ocr_par' dir='ltr' id='par_1_2' title="bbox 550 835 1515 2489">
     <span class='ocr_line' id='line_1_2' title="bbox 550 835 1508 929; baseline -0.002 -22"><span class='ocrx_word' id='word_1_2' title='bbox 550 839 720 916; x_wconf 88' lang='lat' dir='ltr'>domade,</span> <span class='ocrx_word' id='word_1_3' title='bbox 749 838 958 929; x_wconf 88' lang='lat' dir='ltr'>crepusculo</span> <span class='ocrx_word' id='word_1_4' title='bbox 981 835 1154 905; x_wconf 89' lang='lat' dir='ltr'>matutino</span> <span class='ocrx_word' id='word_1_5' title='bbox 1177 842 1213 905; x_wconf 85' lang='lat' dir='ltr'>et</span> <span class='ocrx_word' id='word_1_6' title='bbox 1232 836 1434 928; x_wconf 85' lang='lat' dir='ltr'>vespertino</span> <span class='ocrx_word' id='word_1_7' title='bbox 1454 860 1508 929; x_wconf 87' lang='lat' dir='ltr'>per</span> 
     </span>
     <span class='ocr_line' id='line_1_3' title="bbox 552 948 1506 1043; baseline -0.002 -24"><span class='ocrx_word' id='word_1_8' title='bbox 552 952 686 1029; x_wconf 91' lang='lat' dir='ltr'>horam,</span> <span class='ocrx_word' id='word_1_9' title='bbox 700 948 873 1018; x_wconf 80' lang='lat' dir='ltr'>universis</span> <span class='ocrx_word' id='word_1_10' title='bbox 886 949 920 1017; x_wconf 86' lang='lat' dir='ltr'>iu</span> <span class='ocrx_word' id='word_1_11' title='bbox 930 948 1087 1017; x_wconf 84' lang='lat' dir='ltr'>ecclesiis</span> <span class='ocrx_word' id='word_1_12' title='bbox 1099 948 1313 1017; x_wconf 73' lang='lat' dir='ltr'>resonabant</span> <span class='ocrx_word' id='word_1_13' title='bbox 1323 972 1506 1043; x_wconf 73' lang='lat' dir='ltr'>campanae:</span> 
     </span>
     <span class='ocr_line' id='line_1_4' title="bbox 551 1058 1506 1151; baseline 0 -22"><span class='ocrx_word' id='word_1_14' title='bbox 551 1060 730 1129; x_wconf 80' lang='lat' dir='ltr'>crudelem</span> <span class='ocrx_word' id='word_1_15' title='bbox 760 1067 967 1151; x_wconf 77' lang='lat' dir='ltr'>gementcS,</span> <span class='ocrx_word' id='word_1_16' title='bbox 1003 1080 1047 1126; x_wconf 92' lang='lat' dir='ltr'>au</span> <span class='ocrx_word' id='word_1_17' title='bbox 1072 1058 1333 1150; x_wconf 88' lang='lat' dir='ltr'>triumphantes</span> <span class='ocrx_word' id='word_1_18' title='bbox 1358 1069 1506 1133; x_wconf 90' lang='lat' dir='ltr'>mortem.</span> 
     </span>
     <span class='ocr_line' id='line_1_5' title="bbox 551 1169 1508 1249; baseline 0 -9"><span class='ocrx_word' id='word_1_19' title='bbox 551 1172 679 1241; x_wconf 78' lang='lat' dir='ltr'>Triduo</span> <span class='ocrx_word' id='word_1_20' title='bbox 694 1179 775 1241; x_wconf 91' lang='lat' dir='ltr'>ante</span> <span class='ocrx_word' id='word_1_21' title='bbox 788 1173 954 1241; x_wconf 83' lang='lat' dir='ltr'><strong>cathedra</strong></span> <span class='ocrx_word' id='word_1_22' title='bbox 971 1177 1006 1240; x_wconf 92' lang='lat' dir='ltr'>et</span> <span class='ocrx_word' id='word_1_23' title='bbox 1019 1192 1119 1249; x_wconf 90' lang='lat' dir='ltr'>arce,</span> <span class='ocrx_word' id='word_1_24' title='bbox 1136 1169 1339 1241; x_wconf 90' lang='lat' dir='ltr'>solemniter</span> <span class='ocrx_word' id='word_1_25' title='bbox 1355 1174 1508 1243; x_wconf 92' lang='lat' dir='ltr'>eductum</span> 
     </span>
     <span class='ocr_line' id='line_1_6' title="bbox 551 1281 1507 1374; baseline -0.001 -23"><span class='ocrx_word' id='word_1_26' title='bbox 551 1304 698 1374; x_wconf 89' lang='lat' dir='ltr'>corpus,</span> <span class='ocrx_word' id='word_1_27' title='bbox 715 1283 939 1373; x_wconf 92' lang='lat' dir='ltr'>locatumque</span> <span class='ocrx_word' id='word_1_28' title='bbox 953 1282 988 1349; x_wconf 94' lang='lat' dir='ltr'>in</span> <span class='ocrx_word' id='word_1_29' title='bbox 1004 1281 1150 1351; x_wconf 91' lang='lat' dir='ltr'>ecclesia</span> <span class='ocrx_word' id='word_1_30' title='bbox 1164 1282 1353 1351; x_wconf 81' lang='lat' dir='ltr'>salvatoris</span> <span class='ocrx_word' id='word_1_31' title='bbox 1368 1284 1404 1352; x_wconf 93' lang='lat' dir='ltr'>in</span> <span class='ocrx_word' id='word_1_32' title='bbox 1423 1284 1507 1353; x_wconf 84' lang='lat' dir='ltr'>loro:</span> 
     </span>
     <span class='ocr_line' id='line_1_7' title="bbox 552 1394 1511 1489; baseline 0 -26"><span class='ocrx_word' id='word_1_33' title='bbox 552 1394 642 1463; x_wconf 90' lang='lat' dir='ltr'>utin</span> <span class='ocrx_word' id='word_1_34' title='bbox 660 1395 826 1464; x_wconf 88' lang='lat' dir='ltr'>cathedra</span> <span class='ocrx_word' id='word_1_35' title='bbox 848 1394 1032 1486; x_wconf 72' lang='lat' dir='ltr'>Sapientiae</span> <span class='ocrx_word' id='word_1_36' title='bbox 1053 1394 1113 1463; x_wconf 84' lang='lat' dir='ltr'>bei</span> <span class='ocrx_word' id='word_1_37' title='bbox 1131 1394 1246 1465; x_wconf 89' lang='lat' dir='ltr'>dicate</span> <span class='ocrx_word' id='word_1_38' title='bbox 1269 1396 1409 1465; x_wconf 80' lang='lat' dir='ltr'>funebri</span> <span class='ocrx_word' id='word_1_39' title='bbox 1431 1402 1511 1489; x_wconf 90' lang='lat' dir='ltr'>post-</span> 
     </span>
     <span class='ocr_line' id='line_1_8' title="bbox 552 1506 1511 1579; baseline 0.004 -6"><span class='ocrx_word' id='word_1_40' title='bbox 552 1507 694 1575; x_wconf 92' lang='lat' dir='ltr'>modum</span> <span class='ocrx_word' id='word_1_41' title='bbox 714 1506 891 1575; x_wconf 89' lang='lat' dir='ltr'>locaretur</span> <span class='ocrx_word' id='word_1_42' title='bbox 910 1507 1054 1575; x_wconf 86' lang='lat' dir='ltr'>honore.</span> <span class='ocrx_word' id='word_1_43' title='bbox 1072 1506 1185 1575; x_wconf 91' lang='lat' dir='ltr'>Pridie</span> <span class='ocrx_word' id='word_1_44' title='bbox 1207 1506 1342 1577; x_wconf 87' lang='lat' dir='ltr'>funeris</span> <span class='ocrx_word' id='word_1_45' title='bbox 1359 1508 1425 1577; x_wconf 89' lang='lat' dir='ltr'>sub</span> <span class='ocrx_word' id='word_1_46' title='bbox 1439 1531 1511 1579; x_wconf 87' lang='lat' dir='ltr'>ves-</span> 
     </span>
     <span class='ocr_line' id='line_1_9' title="bbox 551 1614 1512 1710; baseline 0.002 -25"><span class='ocrx_word' id='word_1_47' title='bbox 551 1637 689 1707; x_wconf 89' lang='lat' dir='ltr'>perum,</span> <span class='ocrx_word' id='word_1_48' title='bbox 703 1616 879 1707; x_wconf 79' lang='lat' dir='ltr'>Iosephus</span> <span class='ocrx_word' id='word_1_49' title='bbox 890 1614 1063 1695; x_wconf 77' lang='lat' dir='ltr'>Rutscim,</span> <span class='ocrx_word' id='word_1_50' title='bbox 1086 1616 1371 1710; x_wconf 83' lang='lat' dir='ltr'>archiepiscopus</span> <span class='ocrx_word' id='word_1_51' title='bbox 1387 1626 1512 1687; x_wconf 90' lang='lat' dir='ltr'>metro-</span> 
     </span>
     <span class='ocr_line' id='line_1_10' title="bbox 552 1726 1513 1822; baseline 0.002 -27"><span class='ocrx_word' id='word_1_52' title='bbox 552 1726 741 1819; x_wconf 91' lang='lat' dir='ltr'>politanus,</span> <span class='ocrx_word' id='word_1_53' title='bbox 758 1727 946 1819; x_wconf 83' lang='lat' dir='ltr'>Gregorius</span> <span class='ocrx_word' id='word_1_54' title='bbox 958 1727 1227 1799; x_wconf 85' lang='lat' dir='ltr'>Michalovicius.</span> <span class='ocrx_word' id='word_1_55' title='bbox 1242 1729 1438 1799; x_wconf 82' lang='lat' dir='ltr'>Piusccnsis</span> <span class='ocrx_word' id='word_1_56' title='bbox 1450 1731 1513 1822; x_wconf 93' lang='lat' dir='ltr'>epi·</span> 
     </span>
     <span class='ocr_line' id='line_1_11' title="bbox 553 1836 1514 1932; baseline 0.001 -24"><span class='ocrx_word' id='word_1_57' title='bbox 553 1861 700 1932; x_wconf 89' lang='lat' dir='ltr'>scopus,</span> <span class='ocrx_word' id='word_1_58' title='bbox 724 1838 897 1909; x_wconf 93' lang='lat' dir='ltr'>Polociam</span> <span class='ocrx_word' id='word_1_59' title='bbox 921 1840 1106 1910; x_wconf 89' lang='lat' dir='ltr'>advenere.</span> <span class='ocrx_word' id='word_1_60' title='bbox 1132 1840 1231 1910; x_wconf 86' lang='lat' dir='ltr'>Obvii</span> <span class='ocrx_word' id='word_1_61' title='bbox 1256 1836 1326 1911; x_wconf 84' lang='lat' dir='ltr'>illi&#39;s</span> <span class='ocrx_word' id='word_1_62' title='bbox 1352 1842 1514 1911; x_wconf 70' lang='lat' dir='ltr'>Antonius</span> 
     </span>
     <span class='ocr_line' id='line_1_12' title="bbox 552 1950 1514 2043; baseline 0 -23"><span class='ocrx_word' id='word_1_63' title='bbox 552 1950 698 2029; x_wconf 87' lang='lat' dir='ltr'>Sielava‚</span> <span class='ocrx_word' id='word_1_64' title='bbox 711 1950 1008 2042; x_wconf 84' lang='lat' dir='ltr'>archiepiscopus,</span> <span class='ocrx_word' id='word_1_65' title='bbox 1023 1950 1149 2020; x_wconf 88' lang='lat' dir='ltr'>deinde</span> <span class='ocrx_word' id='word_1_66' title='bbox 1164 1952 1417 2043; x_wconf 87' lang='lat' dir='ltr'>vicepalatinus</span> <span class='ocrx_word' id='word_1_67' title='bbox 1427 1952 1514 2021; x_wconf 87' lang='lat' dir='ltr'>Polo·</span> 
     </span>
     <span class='ocr_line' id='line_1_13' title="bbox 553 2061 1514 2155; baseline 0 -24"><span class='ocrx_word' id='word_1_68' title='bbox 553 2061 1514 2155; x_wconf 74' lang='lat' dir='ltr'>censis,egregianobiliumciriumquecinctieffluxere</span> 
     </span>
     <span class='ocr_line' id='line_1_14' title="bbox 554 2172 1514 2267; baseline 0.001 -26"><span class='ocrx_word' id='word_1_69' title='bbox 554 2194 693 2241; x_wconf 91' lang='lat' dir='ltr'>corona.</span> <span class='ocrx_word' id='word_1_70' title='bbox 719 2172 841 2242; x_wconf 82' lang='lat' dir='ltr'>Caeteri</span> <span class='ocrx_word' id='word_1_71' title='bbox 867 2174 1059 2265; x_wconf 78' lang='lat' dir='ltr'>tympaniS,</span> <span class='ocrx_word' id='word_1_72' title='bbox 1086 2174 1214 2255; x_wconf 88' lang='lat' dir='ltr'>armis,</span> <span class='ocrx_word' id='word_1_73' title='bbox 1248 2175 1455 2267; x_wconf 87' lang='lat' dir='ltr'>vexillisque</span> <span class='ocrx_word' id='word_1_74' title='bbox 1483 2175 1514 2242; x_wconf 95' lang='lat' dir='ltr'>in</span> 
     </span>
     <span class='ocr_line' id='line_1_15' title="bbox 553 2282 1515 2378; baseline 0 -27"><span class='ocrx_word' id='word_1_75' title='bbox 553 2288 666 2353; x_wconf 73' lang='lat' dir='ltr'>cretus</span> <span class='ocrx_word' id='word_1_76' title='bbox 681 2282 881 2363; x_wconf 79' lang='lat' dir='ltr'>distributi,</span> <span class='ocrx_word' id='word_1_77' title='bbox 899 2284 1053 2353; x_wconf 81' lang='lat' dir='ltr'>ecclesiae</span> <span class='ocrx_word' id='word_1_78' title='bbox 1069 2284 1214 2378; x_wconf 88' lang='lat' dir='ltr'>iusuper</span> <span class='ocrx_word' id='word_1_79' title='bbox 1236 2308 1358 2355; x_wconf 89' lang='lat' dir='ltr'>omnes</span> <span class='ocrx_word' id='word_1_80' title='bbox 1376 2285 1515 2356; x_wconf 90' lang='lat' dir='ltr'>solemni</span> 
     </span>
     <span class='ocr_line' id='line_1_16' title="bbox 554 2396 1514 2489; baseline -0.002 -24"><span class='ocrx_word' id='word_1_81' title='bbox 554 2418 803 2489; x_wconf 90' lang='lat' dir='ltr'>campanarum</span> <span class='ocrx_word' id='word_1_82' title='bbox 838 2396 1081 2477; x_wconf 87' lang='lat' dir='ltr'>resonatione,</span> <span class='ocrx_word' id='word_1_83' title='bbox 1112 2398 1271 2489; x_wconf 86' lang='lat' dir='ltr'>hospites</span> <span class='ocrx_word' id='word_1_84' title='bbox 1294 2399 1514 2467; x_wconf 85' lang='lat' dir='ltr'>honoravere.</span> 
     </span>
    </p>
   </div>
   <div class='ocr_carea' id='block_1_3' title="bbox 554 2504 1608 2587">
    <p class='ocr_par' dir='ltr' id='par_1_3' title="bbox 554 2504 1608 2587">
     <span class='ocr_line' id='line_1_17' title="bbox 554 2504 1608 2587; baseline -0.002 -12"><span class='ocrx_word' id='word_1_85' title='bbox 554 2506 649 2575; x_wconf 86' lang='lat' dir='ltr'>Finis</span> <span class='ocrx_word' id='word_1_86' title='bbox 663 2506 825 2587; x_wconf 89' lang='lat' dir='ltr'>honoris,</span> <span class='ocrx_word' id='word_1_87' title='bbox 848 2506 1014 2577; x_wconf 88' lang='lat' dir='ltr'>introitus</span> <span class='ocrx_word' id='word_1_88' title='bbox 1036 2508 1189 2578; x_wconf 76' lang='lat' dir='ltr'>ecclesie</span> <span class='ocrx_word' id='word_1_89' title='bbox 1208 2510 1251 2576; x_wconf 91' lang='lat' dir='ltr'>ad</span> <span class='ocrx_word' id='word_1_90' title='bbox 1272 2508 1416 2577; x_wconf 75' lang='lat' dir='ltr'>exuuias</span> <span class='ocrx_word' id='word_1_91' title='bbox 1436 2528 1517 2575; x_wconf 86' lang='lat' dir='ltr'>mar·</span> <span class='ocrx_word' id='word_1_92' title='bbox 1607 2504 1608 2507; x_wconf 67' lang='grc'>’</span> 
     </span>
    </p>
   </div>
   <div class='ocr_carea' id='block_1_4' title="bbox 554 2619 1522 3390">
    <p class='ocr_par' dir='ltr' id='par_1_4' title="bbox 554 2619 1522 3390">
     <span class='ocr_line' id='line_1_18' title="bbox 554 2619 1517 2713; baseline -0.003 -26"><span class='ocrx_word' id='word_1_93' title='bbox 554 2619 640 2711; x_wconf 77' lang='lat' dir='ltr'>tyris</span> <span class='ocrx_word' id='word_1_94' title='bbox 664 2620 740 2688; x_wconf 90' lang='lat' dir='ltr'>luit.</span> <span class='ocrx_word' id='word_1_95' title='bbox 767 2620 991 2690; x_wconf 80' lang='lat' dir='ltr'>solemnibus</span> <span class='ocrx_word' id='word_1_96' title='bbox 1014 2620 1071 2690; x_wconf 94' lang='lat' dir='ltr'>hic</span> <span class='ocrx_word' id='word_1_97' title='bbox 1096 2620 1303 2713; x_wconf 77' lang='lat' dir='ltr'>vespertina</span> <span class='ocrx_word' id='word_1_98' title='bbox 1330 2619 1517 2690; x_wconf 89' lang='lat' dir='ltr'>devotionis</span> 
     </span>
     <span class='ocr_line' id='line_1_19' title="bbox 554 2731 1518 2826; baseline 0 -27"><span class='ocrx_word' id='word_1_99' title='bbox 554 2732 707 2823; x_wconf 87' lang='lat' dir='ltr'>peractis</span> <span class='ocrx_word' id='word_1_100' title='bbox 719 2733 894 2824; x_wconf 71' lang='lat' dir='ltr'>precibus</span> <span class='ocrx_word' id='word_1_101' title='bbox 909 2732 944 2801; x_wconf 91' lang='lat' dir='ltr'>in</span> <span class='ocrx_word' id='word_1_102' title='bbox 960 2755 1075 2803; x_wconf 88' lang='lat' dir='ltr'>arcem</span> <span class='ocrx_word' id='word_1_103' title='bbox 1087 2756 1127 2803; x_wconf 88' lang='lat' dir='ltr'>ac</span> <span class='ocrx_word' id='word_1_104' title='bbox 1142 2734 1258 2802; x_wconf 89' lang='lat' dir='ltr'>aulam</span> <span class='ocrx_word' id='word_1_105' title='bbox 1266 2731 1518 2826; x_wconf 80' lang='lat' dir='ltr'>archipraesulis</span> 
     </span>
     <span class='ocr_line' id='line_1_20' title="bbox 554 2842 1520 2937; baseline -0.002 -26"><span class='ocrx_word' id='word_1_106' title='bbox 554 2842 753 2913; x_wconf 89' lang='lat' dir='ltr'>Poloeensis</span> <span class='ocrx_word' id='word_1_107' title='bbox 775 2844 929 2913; x_wconf 89' lang='lat' dir='ltr'>deducti.</span> <span class='ocrx_word' id='word_1_108' title='bbox 955 2848 1031 2937; x_wconf 88' lang='lat' dir='ltr'>lpsa</span> <span class='ocrx_word' id='word_1_109' title='bbox 1053 2844 1255 2914; x_wconf 89' lang='lat' dir='ltr'>funebrium</span> <span class='ocrx_word' id='word_1_110' title='bbox 1279 2846 1346 2925; x_wconf 88' lang='lat' dir='ltr'>die,</span> <span class='ocrx_word' id='word_1_111' title='bbox 1363 2866 1428 2936; x_wconf 90' lang='lat' dir='ltr'>per</span> <span class='ocrx_word' id='word_1_112' title='bbox 1451 2842 1520 2911; x_wconf 93' lang='lat' dir='ltr'>uni·</span> 
     </span>
     <span class='ocr_line' id='line_1_21' title="bbox 556 2958 1520 3056; baseline -0.006 -26"><span class='ocrx_word' id='word_1_113' title='bbox 556 2982 657 3030; x_wconf 88' lang='lat' dir='ltr'>versa</span> <span class='ocrx_word' id='word_1_114' title='bbox 676 2962 807 3053; x_wconf 89' lang='lat' dir='ltr'>templa</span> <span class='ocrx_word' id='word_1_115' title='bbox 835 2982 940 3030; x_wconf 78' lang='lat' dir='ltr'>sacrae</span> <span class='ocrx_word' id='word_1_116' title='bbox 965 2960 1120 3030; x_wconf 91' lang='lat' dir='ltr'>sonitum</span> <span class='ocrx_word' id='word_1_117' title='bbox 1153 2959 1295 3030; x_wconf 90' lang='lat' dir='ltr'>edidere</span> <span class='ocrx_word' id='word_1_118' title='bbox 1316 2958 1416 3056; x_wconf 85' lang='lat' dir='ltr'>nolae.</span> <span class='ocrx_word' id='word_1_119' title='bbox 1438 2962 1520 3040; x_wconf 84' lang='lat' dir='ltr'>Qua·</span> 
     </span>
     <span class='ocr_line' id='line_1_22' title="bbox 556 3073 1520 3165; baseline -0.006 -22"><span class='ocrx_word' id='word_1_120' title='bbox 556 3081 638 3144; x_wconf 93' lang='lat' dir='ltr'>tuor</span> <span class='ocrx_word' id='word_1_121' title='bbox 652 3082 734 3145; x_wconf 88' lang='lat' dir='ltr'>ante</span> <span class='ocrx_word' id='word_1_122' title='bbox 748 3073 934 3144; x_wconf 86' lang='lat' dir='ltr'>meridiem</span> <span class='ocrx_word' id='word_1_123' title='bbox 954 3074 1051 3144; x_wconf 91' lang='lat' dir='ltr'>horis</span> <span class='ocrx_word' id='word_1_124' title='bbox 1066 3073 1211 3165; x_wconf 91' lang='lat' dir='ltr'>incoepti</span> <span class='ocrx_word' id='word_1_125' title='bbox 1233 3094 1314 3141; x_wconf 90' lang='lat' dir='ltr'>cum</span> <span class='ocrx_word' id='word_1_126' title='bbox 1329 3093 1429 3141; x_wconf 88' lang='lat' dir='ltr'>sacro</span> <span class='ocrx_word' id='word_1_127' title='bbox 1443 3091 1520 3139; x_wconf 87' lang='lat' dir='ltr'>cor-</span> 
     </span>
     <span class='ocr_line' id='line_1_23' title="bbox 557 3181 1520 3278; baseline -0.007 -25"><span class='ocrx_word' id='word_1_128' title='bbox 557 3206 642 3278; x_wconf 92' lang='lat' dir='ltr'>pore</span> <span class='ocrx_word' id='word_1_129' title='bbox 672 3207 879 3278; x_wconf 85' lang='lat' dir='ltr'>progressus</span> <span class='ocrx_word' id='word_1_130' title='bbox 910 3185 1048 3278; x_wconf 87' lang='lat' dir='ltr'>signum</span> <span class='ocrx_word' id='word_1_131' title='bbox 1069 3186 1214 3276; x_wconf 84' lang='lat' dir='ltr'>explosa</span> <span class='ocrx_word' id='word_1_132' title='bbox 1246 3184 1374 3253; x_wconf 91' lang='lat' dir='ltr'>dedere</span> <span class='ocrx_word' id='word_1_133' title='bbox 1401 3181 1520 3251; x_wconf 89' lang='lat' dir='ltr'>bellica</span> 
     </span>
     <span class='ocr_line' id='line_1_24' title="bbox 557 3295 1522 3390; baseline -0.007 -25"><span class='ocrx_word' id='word_1_134' title='bbox 557 3303 744 3367; x_wconf 86' lang='lat' dir='ltr'>tormenta.</span> <span class='ocrx_word' id='word_1_135' title='bbox 757 3303 794 3367; x_wconf 93' lang='lat' dir='ltr'>ln</span> <span class='ocrx_word' id='word_1_136' title='bbox 807 3320 878 3390; x_wconf 90' lang='lat' dir='ltr'>quo</span> <span class='ocrx_word' id='word_1_137' title='bbox 891 3305 1111 3367; x_wconf 84' lang='lat' dir='ltr'>antecessere</span> <span class='ocrx_word' id='word_1_138' title='bbox 1124 3319 1144 3365; x_wconf 91' lang='lat' dir='ltr'>a</span> <span class='ocrx_word' id='word_1_139' title='bbox 1156 3296 1327 3365; x_wconf 90' lang='lat' dir='ltr'>lateribus</span> <span class='ocrx_word' id='word_1_140' title='bbox 1337 3316 1418 3363; x_wconf 91' lang='lat' dir='ltr'>cum</span> <span class='ocrx_word' id='word_1_141' title='bbox 1431 3295 1522 3363; x_wconf 87' lang='lat' dir='ltr'>luna-</span> 
     </span>
    </p>
   </div>
   <div class='ocr_carea' id='block_1_5' title="bbox 557 3404 1523 3603">
    <p class='ocr_par' dir='ltr' id='par_1_5' title="bbox 557 3404 1523 3603">
     <span class='ocr_line' id='line_1_25' title="bbox 557 3404 1523 3502; baseline -0.006 -27"><span class='ocrx_word' id='word_1_142' title='bbox 557 3406 651 3476; x_wconf 90' lang='lat' dir='ltr'>libus</span> <span class='ocrx_word' id='word_1_143' title='bbox 665 3409 873 3479; x_wconf 89' lang='lat' dir='ltr'>ardentibus</span> <span class='ocrx_word' id='word_1_144' title='bbox 885 3410 988 3502; x_wconf 83' lang='lat' dir='ltr'>longo</span> <span class='ocrx_word' id='word_1_145' title='bbox 1001 3409 1124 3479; x_wconf 89' lang='lat' dir='ltr'>ordine</span> <span class='ocrx_word' id='word_1_146' title='bbox 1134 3408 1228 3477; x_wconf 83' lang='lat' dir='ltr'>cives</span> <span class='ocrx_word' id='word_1_147' title='bbox 1245 3430 1252 3475; x_wconf 91' lang='lat'>:</span> <span class='ocrx_word' id='word_1_148' title='bbox 1267 3405 1424 3476; x_wconf 90' lang='lat' dir='ltr'>medium</span> <span class='ocrx_word' id='word_1_149' title='bbox 1436 3404 1523 3471; x_wconf 90' lang='lat' dir='ltr'>inter</span> 
     </span>
     <span class='ocr_line' id='line_1_26' title="bbox 558 3512 1521 3603; baseline -0.003 -22"><span class='ocrx_word' id='word_1_150' title='bbox 558 3514 637 3583; x_wconf 92' lang='lat' dir='ltr'>illos</span> <span class='ocrx_word' id='word_1_151' title='bbox 663 3515 821 3584; x_wconf 85' lang='lat' dir='ltr'>studiosa</span> <span class='ocrx_word' id='word_1_152' title='bbox 851 3516 994 3585; x_wconf 88' lang='lat' dir='ltr'>tenebat</span> <span class='ocrx_word' id='word_1_153' title='bbox 1021 3514 1204 3586; x_wconf 80' lang='lat' dir='ltr'>societatis</span> <span class='ocrx_word' id='word_1_154' title='bbox 1226 3518 1305 3583; x_wconf 87' lang='lat' dir='ltr'>lesu</span> <span class='ocrx_word' id='word_1_155' title='bbox 1331 3512 1521 3603; x_wconf 85' lang='lat' dir='ltr'>juventus,</span> 
     </span>
    </p>
   </div>
   <div class='ocr_carea' id='block_1_6' title="bbox 558 3629 1527 4160">
    <p class='ocr_par' dir='ltr' id='par_1_6' title="bbox 558 3629 1527 4160">
     <span class='ocr_line' id='line_1_27' title="bbox 558 3629 1525 3722; baseline -0.007 -24"><span class='ocrx_word' id='word_1_156' title='bbox 558 3636 663 3698; x_wconf 89' lang='lat' dir='ltr'>cantu</span> <span class='ocrx_word' id='word_1_157' title='bbox 676 3631 833 3699; x_wconf 88' lang='lat' dir='ltr'>dolorem</span> <span class='ocrx_word' id='word_1_158' title='bbox 849 3629 1067 3699; x_wconf 89' lang='lat' dir='ltr'>audientium</span> <span class='ocrx_word' id='word_1_159' title='bbox 1084 3651 1287 3722; x_wconf 91' lang='lat' dir='ltr'>provocans.</span> <span class='ocrx_word' id='word_1_160' title='bbox 1300 3631 1393 3720; x_wconf 88' lang='lat' dir='ltr'>Pone</span> <span class='ocrx_word' id='word_1_161' title='bbox 1407 3644 1525 3716; x_wconf 90' lang='lat' dir='ltr'>seque-</span> 
     </span>
     <span class='ocr_line' id='line_1_28' title="bbox 559 3742 1525 3832; baseline -0.005 -21"><span class='ocrx_word' id='word_1_162' title='bbox 559 3743 663 3811; x_wconf 89' lang='lat' dir='ltr'>batur</span> <span class='ocrx_word' id='word_1_163' title='bbox 686 3742 817 3812; x_wconf 91' lang='lat' dir='ltr'>latinus</span> <span class='ocrx_word' id='word_1_164' title='bbox 837 3744 970 3823; x_wconf 88' lang='lat' dir='ltr'>clerus,</span> <span class='ocrx_word' id='word_1_165' title='bbox 988 3750 1274 3813; x_wconf 90' lang='lat' dir='ltr'>ornamentorum</span> <span class='ocrx_word' id='word_1_166' title='bbox 1304 3742 1421 3811; x_wconf 88' lang='lat' dir='ltr'>colore</span> <span class='ocrx_word' id='word_1_167' title='bbox 1438 3760 1525 3832; x_wconf 89' lang='lat' dir='ltr'>pur-</span> 
     </span>
     <span class='ocr_line' id='line_1_29' title="bbox 558 3849 1526 3948; baseline -0.01 -24"><span class='ocrx_word' id='word_1_168' title='bbox 558 3876 682 3948; x_wconf 91' lang='lat' dir='ltr'>puram</span> <span class='ocrx_word' id='word_1_169' title='bbox 712 3854 877 3947; x_wconf 88' lang='lat' dir='ltr'>martyris</span> <span class='ocrx_word' id='word_1_170' title='bbox 913 3856 1109 3923; x_wconf 85' lang='lat' dir='ltr'>aemulatus.</span> <span class='ocrx_word' id='word_1_171' title='bbox 1137 3852 1325 3922; x_wconf 89' lang='lat' dir='ltr'>lusistebat</span> <span class='ocrx_word' id='word_1_172' title='bbox 1351 3849 1383 3919; x_wconf 91' lang='lat' dir='ltr'>ei</span> <span class='ocrx_word' id='word_1_173' title='bbox 1415 3851 1526 3919; x_wconf 91' lang='lat' dir='ltr'>clerus</span> 
     </span>
     <span class='ocr_line' id='line_1_30' title="bbox 559 3963 1527 4060; baseline -0.01 -23"><span class='ocrx_word' id='word_1_174' title='bbox 559 3967 699 4047; x_wconf 75' lang='lat' dir='ltr'>unituS,</span> <span class='ocrx_word' id='word_1_175' title='bbox 723 3974 823 4060; x_wconf 84' lang='lat' dir='ltr'>grata</span> <span class='ocrx_word' id='word_1_176' title='bbox 845 3968 996 4038; x_wconf 88' lang='lat' dir='ltr'>vestium</span> <span class='ocrx_word' id='word_1_177' title='bbox 1021 3986 1199 4035; x_wconf 88' lang='lat' dir='ltr'>sacrarum</span> <span class='ocrx_word' id='word_1_178' title='bbox 1216 3963 1454 4033; x_wconf 89' lang='lat' dir='ltr'>circumdatus</span> <span class='ocrx_word' id='word_1_179' title='bbox 1474 3981 1527 4028; x_wconf 90' lang='lat' dir='ltr'>va·</span> 
     </span>
     <span class='ocr_line' id='line_1_31' title="bbox 558 4076 1527 4160; baseline -0.007 -12"><span class='ocrx_word' id='word_1_180' title='bbox 558 4080 700 4160; x_wconf 89' lang='lat' dir='ltr'>rietate,</span> <span class='ocrx_word' id='word_1_181' title='bbox 727 4082 771 4150; x_wconf 93' lang='lat' dir='ltr'>ad</span> <span class='ocrx_word' id='word_1_182' title='bbox 799 4086 943 4151; x_wconf 90' lang='lat' dir='ltr'>centum</span> <span class='ocrx_word' id='word_1_183' title='bbox 967 4078 1151 4150; x_wconf 90' lang='lat' dir='ltr'>duodecim</span> <span class='ocrx_word' id='word_1_184' title='bbox 1185 4076 1379 4147; x_wconf 90' lang='lat' dir='ltr'>ascendens</span> <span class='ocrx_word' id='word_1_185' title='bbox 1410 4094 1527 4143; x_wconf 92' lang='lat' dir='ltr'>nume·</span> 
     </span>
    </p>
   </div>
   <div class='ocr_carea' id='block_1_7' title="bbox 0 0 1650 5476">
    <p class='ocr_par' dir='ltr' id='par_1_7' title="bbox 0 0 1650 5476">
     <span class='ocr_line' id='line_1_32' title="bbox 0 0 1650 5476; baseline 0 0"><span class='ocrx_word' id='word_1_186' title='bbox 0 0 1650 5476; x_wconf 95' lang='lat' dir='ltr'> </span> 
     </span>
    </p>
   </div>
  </div>
 </body>
</html>
