3259 5484
974 676 1176 746 -ttt-

626 838 747 915 Quibus
760 838 923 901 charitatis
944 846 975 900 et
995 836 1188 901 fortitudinis
1209 836 1344 898 stimulis
1356 853 1420 897 non
1433 843 1497 896 tam
1510 853 1557 897 se-

588 951 652 1003 met
674 940 713 1003 ad
737 939 880 1021 martyrii
892 956 1043 1002 coronam
1066 938 1241 1012 excitabat,
1267 954 1365 1019 quam
1385 937 1554 1005 lacesseret,

587 1045 797 1127 suppliciique
822 1060 925 1107 moras
947 1042 1149 1104 vehementer
1171 1041 1361 1123 increparet,
1385 1058 1417 1100 se
1432 1038 1471 1099 ad
1492 1056 1556 1099 ccr-

587 1156 656 1209 tum
670 1145 850 1209 exhibendo
864 1153 1020 1228 paratum.
1039 1144 1212 1207 Servatoris
1223 1145 1404 1227 exemplum
1418 1153 1554 1206 secutus:

586 1250 658 1331 qui,
670 1266 745 1311 cum
755 1268 812 1331 per
822 1256 922 1311 atram
934 1256 1059 1311 noctem
1075 1248 1205 1309 minime
1218 1247 1390 1321 videretur,
1402 1266 1435 1308 se
1448 1247 1559 1309 ludaeis

588 1352 815 1425 manifestavit,
834 1359 928 1434 prout
949 1350 979 1413 S.
1005 1351 1137 1413 Basilius
1159 1350 1210 1411 his
1230 1348 1334 1411 verbis
1356 1348 1387 1412 S.
1411 1350 1558 1411 Gordium

588 1463 757 1536 martyrem
771 1454 932 1517 luculenta
944 1452 1085 1515 oratione
1097 1451 1248 1523 celebrat,
1261 1461 1291 1512 et
1301 1451 1394 1513 simili
1406 1450 1558 1531 praeconio

588 1556 619 1617 S.
634 1556 801 1634 Gregorius
814 1554 997 1617 Nazianzcn.
1014 1561 1101 1616 orat·
1113 1556 1142 1615 3.
1166 1551 1367 1614 commendat
1377 1552 1557 1631 martyrium

587 1658 681 1721 llarci
695 1656 834 1738 episcopi
848 1655 1022 1727 Arethusii,
1045 1655 1214 1717 voluntarii
1236 1654 1349 1716 Christi
1374 1654 1508 1715 athletae.
1525 1654 1559 1713 ht

588 1758 801 1821 sanctissimos
814 1757 968 1819 antistites
981 1756 1183 1819 Ambrosium
1202 1762 1233 1815 et
1246 1756 1400 1817 Thomam
1424 1754 1558 1815 Cantua-

588 1862 724 1924 riensem
745 1860 886 1922 imitatus
898 1868 963 1933 est,
979 1860 1034 1941 qui
1055 1876 1114 1939 pro
1127 1858 1308 1921 defensione
1320 1858 1441 1939 jurium
1456 1857 1559 1917 Eccle-

588 1964 642 2027 siae
655 1972 687 2026 et
697 1963 861 2025 catholicae
874 1962 948 2025 fidei
963 1962 1125 2043 sanguinis
1140 1961 1259 2043 proprii
1272 1960 1455 2023 allusionem
1478 1959 1559 2021 sitie-

585 2066 676 2140 nant,
688 2073 723 2128 ut
736 2083 774 2127 ex
789 2062 905 2127 tabulis
923 2072 1082 2143 gestorum
1095 2062 1279 2126 corumdem
1294 2071 1490 2144 compertum
1505 2069 1557 2131 est,

588 2177 619 2231 ct
633 2176 820 2231 annotatum
832 2166 892 2230 luit
906 2167 937 2229 in
953 2168 1114 2229 Relatione
1137 2167 1167 2229 S.
1185 2166 1303 2241 Caroli,
1321 2166 1353 2227 in
1374 2183 1495 2245 argum.
1513 2167 1557 2224 tt.

589 2271 630 2334 ad
643 2272 740 2333 finem
747 2292 756 2346 3
774 2288 896 2333 necnon
909 2280 940 2332 et
954 2270 1096 2353 exempla
1111 2279 1157 2332 tot
1171 2278 1360 2351 martyrum,
1375 2270 1430 2351 qui
1443 2269 1559 2351 sopito-

582 2392 661 2437 -rum
672 2373 770 2435 veluti
781 2390 914 2447 eanum,
926 2373 988 2434 hoc
999 2380 1059 2446 cst,
1072 2371 1144 2434 hdei
1157 2372 1296 2435 hostium
1311 2390 1402 2434 aures
1418 2370 1560 2433 t'ellentes

589 2494 655 2538 non
669 2476 883 2537 extimuerunt
897 2475 929 2537 in
940 2493 1069 2537 arenam
1079 2474 1221 2557 prodire,
1235 2483 1270 2537 ut
1280 2475 1421 2555 martyrii
1432 2475 1560 2555 gloriam

583 2585 861 2651 consummarent,
873 2576 1067 2659 complentes
1081 2576 1200 2639 dictum
1216 2576 1294 2639 illud
1311 2599 1317 2637 :
1332 2578 1446 2652 testes,
1463 2586 1495 2637 ut
1510 2576 1558 2651 leo,
1622 2634 1623 2649 ,

583 2659 853 2761 —confidcnteropih

630 2780 763 2843 Causam
778 2798 852 2842 vero
867 2780 977 2843 mortis
993 2780 1133 2861 (quaeest
1147 2781 1275 2843 tertium
1289 2782 1474 2862 requisitum
1489 2800 1561 2841 mar-

590 2884 677 2964 tyris)
703 2882 982 2949 luisseacatholicae
1006 2882 1077 2945 fidei
1104 2902 1139 2945 ac
1162 2884 1193 2945 S.
1218 2884 1365 2947 Romanae
1379 2885 1521 2946 Ecclesiae
1534 2891 1560 2943 et

590 2986 671 3048 Petri
685 2986 841 3067 primatus
859 2984 1075 3048 defensionem
1098 2986 1313 3049 deducebatur
1333 3008 1371 3049 ex
1394 2989 1557 3069 pluribus:

590 3107 721 3170 nempe,
737 3089 813 3169 quia
828 3087 936 3150 decem
957 3097 987 3150 et
1006 3097 1144 3169 quatuor
1158 3097 1250 3150 testes
1265 3090 1449 3168 singillatim
1465 3108 1560 3151 reeen-

590 3190 678 3253 sendi
710 3209 805 3272 super
834 3191 895 3253 hoc
928 3191 1087 3270 signanter
1119 3190 1300 3273 deponunt,
1327 3193 1561 3272 comprobantes
1621 3234 1622 3274 ,

590 3292 700 3355 odium
713 3293 823 3372 ingens
836 3292 1108 3355 schismaticorum
1121 3292 1152 3354 in
1166 3295 1368 3368 serrantia,
1383 3312 1420 3355 eo
1431 3295 1505 3375 quia
1516 3312 1560 3353 ca-

592 3395 717 3457 tholicae
734 3395 864 3456 unitatis
877 3402 909 3456 ct
927 3394 1066 3479 veritatis
1084 3404 1302 3475 propugnator
1320 3404 1415 3468 esset,
1430 3404 1460 3455 et
1474 3395 1561 3455 schis-

590 3496 684 3559 matis
709 3496 895 3571 inseeiator,
925 3495 1003 3559 adeo
1031 3504 1066 3557 ut
1091 3505 1138 3557 ter·
1163 3497 1412 3577 conspiraverint
1443 3497 1475 3558 in
1500 3497 1560 3575 ejus

591 3617 700 3662 necem
707 3619 715 3672 3
729 3607 841 3680 etpost
851 3608 985 3660 mortem
998 3598 1224 3681 archicpiscopi
1237 3601 1376 3681 plurima
1392 3621 1408 3663 a
1424 3602 1561 3664 schisma-

591 3701 661 3762 ticis
685 3699 758 3762 data
778 3698 908 3761 fuerunt
928 3700 1018 3778 signa
1034 3700 1149 3761 laetitiae
1174 3710 1205 3763 et
1219 3710 1418 3785 contemptus
1439 3722 1475 3765 ac
1488 3722 1559 3765 eou-
1620 3767 1621 3781 χ

590 3803 770 3865 tumeliaein
781 3821 906 3865 sacrum
917 3802 1064 3864 antistitis
1075 3801 1559 3887 cadaver,·communisquefama

590 3916 622 3969 et
646 3907 803 3988 reputatio
831 3907 959 3968 illarum
986 3906 1144 3988 partium,
1160 3907 1246 3987 quod
1270 3907 1337 3970 haee
1361 3908 1454 3970 luerit
1474 3925 1559 3971 causa

592 4010 712 4084 mortis,
728 4009 939 4091 adstipulatur
958 4026 1015 4090 per
1028 4016 1120 4069 testes
1134 4010 1166 4070 in
1181 4008 1322 4071 Processu
1333 4012 1494 4073 Polocenst'.
1509 4009 1559 4083 Qui

592 4111 784 4175 unanimiter
798 4112 974 4189 affirmant,
987 4111 1076 4173 nulla
1088 4110 1150 4172 alia
1164 4110 1202 4172 dc
1214 4130 1309 4173 eausa
1322 4110 1416 4173 luisse
1428 4113 1560 4173 occisum

591 4216 741 4297 Josaphat
756 4214 1047 4307 archiepiscopum,
1062 4231 1159 4294 quam
1179 4232 1237 4295 pro
1259 4214 1436 4276 obedientia
1451 4210 1558 4275 summi
