3259 5484
490 716 666 790 -83-

98 880 172 949 vitae
196 901 270 949 suae
298 900 515 969 suorumque
538 878 751 947 consuleret.
776 878 845 947 Sed
869 877 1061 968 Josapbat:

98 992 297 1060 amandatos
313 991 356 1059 ad
374 990 545 1081 praedium
567 1010 696 1079 equos,
720 1008 896 1079 supremae
920 994 1065 1078 protec-

98 1103 179 1171 tioni
195 1125 231 1172 se
248 1103 365 1193 ipsum
381 1102 601 1191 subJectum,
620 1107 656 1169 et
670 1100 764 1191 quod
778 1100 906 1169 coelum
924 1097 1066 1167 statuis-

97 1221 165 1293 set,
181 1214 334 1282 libenter
351 1232 548 1304 passurum.
563 1210 769 1279 Obtestatus
789 1209 918 1278 iterum
941 1207 1063 1277 unitus

97 1326 235 1405 consul,
259 1330 390 1394 certam
410 1324 714 1402 evitaretnecem,
733 1329 769 1391 et
783 1322 820 1389 ni
841 1322 947 1393 vellet
967 1342 1064 1388 arma

90 1439 233 1531 tuendae
272 1442 429 1506 sumeret
459 1436 553 1505 vitae.
588 1435 801 1527 copiamque
830 1454 912 1501 mox
944 1432 1065 1501 nitrati

97 1550 250 1640 pulveris
270 1550 412 1629 attulit,
435 1556 471 1619 et
494 1571 531 1618 se
556 1549 673 1640 ipsum
700 1570 778 1617 cum
803 1548 878 1620 suis
901 1548 1066 1617 comitem

97 1661 284 1752 adjungere
321 1660 457 1746 voluit,
496 1659 648 1751 praesule
691 1660 903 1750 refragante.
950 1662 1066 1727 Goenae

97 1794 236 1841 suorum
267 1772 391 1840 ultimo
422 1771 601 1850 assidens,
634 1770 764 1862 saepius
788 1791 828 1839 ac
849 1769 978 1839 iterum
1007 1791 1068 1839 eos

97 1885 286 1964 solabatur,
311 1906 355 1953 ne
382 1890 604 1964 metuereut3
628 1883 658 1951 si
683 1883 777 1973 quod
798 1882 994 1973 periculum
1017 1881 1068 1949 in·

96 2002 254 2084 grueret,
274 2016 392 2074 suam,
414 2016 484 2063 uon
504 2016 627 2063 eorum
653 1993 758 2061 vitam
784 1993 1064 2085 periclitandam.

96 2114 176 2179 Tota
201 2132 304 2179 coena
332 2110 439 2179 verba
472 2110 622 2189 mortis,
650 2131 720 2178 non
740 2109 920 2179 esculenta
944 2109 980 2175 in
1007 2130 1068 2177 ore

97 2222 191 2291 luere
207 2246 214 2289 ε
234 2228 272 2291 et
283 2221 422 2291 dulcius
436 2220 525 2301 illis,
542 2242 649 2312 qoam
665 2221 743 2289 istis
758 2222 924 2290 relectus.
941 2220 1069 2289 Archi-

96 2332 241 2402 diacono
256 2332 399 2412 dicenti,
418 2332 551 2401 sineret
564 2355 624 2401 eos
640 2332 773 2424 absque
789 2333 915 2401 timore
929 2332 1065 2413 mortis,
1136 2382 1204 2425 vm„
1217 2384 1297 2426 mom

96 2442 148 2512 vel
163 2444 269 2513 edere
284 2443 442 2534 quietos,
461 2443 613 2511 reddidit
631 2467 638 2511 :
656 2442 741 2534 quid
754 2442 894 2534 injuriae
907 2443 1065 2523 haberet,

96 2556 187 2645 quod
202 2556 280 2647 ipse
296 2577 360 2647 pro
373 2554 511 2623 Christo
526 2610 535 2639 ,
551 2577 615 2647 pro
628 2556 697 2625 fide
720 2561 841 2623 saneta
856 2555 965 2624 emori
982 2576 1069 2646 per-

96 2673 265 2759 cuperet?

137 2785 227 2851 Sane
259 2782 341 2873 quis
369 2789 508 2852 noctem
535 2783 630 2852 illam
657 2785 865 2867 obscuram,
904 2788 946 2856 da
979 2787 1068 2856 coelo
1095 2827 1223 2882 mmm,
1239 2824 1339 2869 ,dms

96 2893 232 2962 evolvat
245 2895 391 2985 augelus
401 2901 417 2963 ‘l
427 2896 623 2966 insomnem
635 2898 768 2990 quippe
784 2899 896 2989 ipsam
910 2900 1068 2968 omnium
1189 2894 1239 2931 '⁰¹¹¹'

96 3026 152 3074 ore
177 3006 385 3075 traduxerat
408 3010 592 3100 Josaphat,
611 3016 652 3078 ut
675 3010 830 3079 suumin
850 3015 920 3081 Deo
935 3012 1069 3080 confir-

96 3124 207 3186 maret
222 3116 392 3187 animum.
409 3120 712 3211 Contemplatione
726 3122 933 3213 absorptuS,
950 3130 1068 3191 mente

96 3227 129 3295 in
150 3231 281 3299 coelum
297 3230 452 3311 elevata,
477 3253 623 3323 corpore
638 3233 737 3301 humi
752 3235 867 3302 crucis
882 3234 917 3301 in
934 3256 1067 3302 morem

96 3348 284 3429 prostrato,
300 3341 496 3410 humilibus
506 3364 566 3412 cor
577 3342 637 3412 Dei
648 3344 858 3413 vulnerabat
869 3344 1065 3413 affectibus.

96 3455 179 3519 Tum
197 3453 363 3543 lacrymae
378 3454 519 3535 dulceS‚
538 3460 612 3523 tum
629 3462 854 3547 praegnantes
870 3457 1064 3549 singultuS,

95 3568 168 3630 tum
183 3563 361 3633 desideria
376 3564 504 3634 coelum
519 3566 719 3657 pulsantia,
738 3573 813 3636 tum
830 3568 890 3635 illa
902 3568 1064 3649 assidua,

95 3675 245 3764 repetita
272 3674 422 3765 flagella.
447 3677 577 3745 Aderat
597 3683 672 3745 tum
693 3678 728 3745 in
750 3685 886 3748 secreto
913 3679 1067 3749 cubiculi

95 3787 239 3876 quidam
264 3809 399 3879 pauper
425 3790 559 3882 Tiphon
578 3791 717 3860 senecio
745 3815 752 3860 :
779 3814 912 3861 morem
934 3794 1067 3886 quippe
1103 3850 1111 3871 ,

96 3918 197 3965 suum
220 3904 258 3968 et
278 3904 433 3969 amorem
454 3901 491 3969 in
506 3924 682 3994 pauperes
706 3925 771 3971 neo
791 3905 946 3975 moriens
965 3909 1069 3974 Josa-

95 4011 179 4098 pbat
195 4010 365 4079 descruit.
382 4012 446 4093 Qui
460 4018 496 4081 et
511 4013 642 4083 sentire
658 4021 694 4083 et
715 4014 845 4083 intueri
868 4017 1066 4085 clanculum

95 4128 234 4209 poterat
248 4120 316 4189 ista
329 4124 527 4213 Josaphali,
545 4125 590 4214 ad
602 4132 753 4194 mortem
775 4148 852 4197 sese
875 4128 1067 4207 armantis,
