3259 5484
476 671 677 754 -195-,

108 831 215 893 lissinis
235 832 428 894 excrementis
442 833 520 894 vires
539 832 683 894 ubertatis
707 842 881 911 assumant,
902 833 946 894 ita
966 853 1069 896 cruore

107 955 229 997 cccsamm
247 935 364 998 Christi
378 944 548 1017 martyram
564 944 642 997 tatas
659 934 841 1016 fecundatas
858 944 902 997 est
925 935 1068 1011 rnundas,

108 1049 133 1101 et
143 1040 264 1123 undique
273 1059 351 1121 seges
358 1039 503 1101 Ecclesiae
512 1048 664 1113 cresceret,
678 1047 707 1100 ct
718 1039 1008 1114 insererenturcoelo,
1019 1060 1062 1122 qn

109 1145 311 1227 deputabantur
337 1144 465 1225 inferno,
491 1142 580 1206 Unde
604 1151 635 1205 et
653 1143 866 1206 Tertullianus
881 1142 1020 1225 (Apatop.
1042 1161 1070 1204 c.

111 1248 175 1330 ult.)¹
184 1247 367 1328 sanguinem
381 1254 555 1327 martyrum
569 1248 796 1308 vocavitsemen
807 1245 1073 1319 christianorum,

110 1346 1072 1430 S.llugustinus(inps.lltlffimam,quoloecundaturEcclesia,

110 1451 135 1513 S.
149 1454 284 1515 lustinus
299 1453 500 1535 potationem,
524 1471 588 1533 qua
613 1453 647 1513 lit
671 1451 761 1513 vinea
778 1451 901 1513 Domini
928 1451 1073 1526 uberior,

109 1554 243 1635 Origenes
259 1557 304 1635 (in
318 1556 445 1630 loann,
462 1564 538 1618 tom.
555 1557 587 1637 9)
602 1554 773 1636 quamdam
787 1555 914 1616 haeresis
924 1563 954 1616 et
974 1553 1080 1616 infide·

110 1656 197 1720 litatis
211 1659 370 1721 theriacam
386 1667 417 1720 et
431 1659 711 1741 praesentissimum
728 1658 907 1719 antidotum.
1026 1706 1029 1713 ι

144 1759 223 1821 llanc
237 1777 311 1822 vero
323 1769 562 1841 persecutorum
576 1768 606 1823 et
619 1768 771 1821 tortorum
786 1760 1024 1823 conversionem
1040 1768 1071 1820 et

110 1862 145 1922 ab
172 1862 330 1946 impietate
356 1862 395 1925 ad
417 1863 564 1945 pietatem
592 1863 823 1925 revocationem
836 1861 916 1923 inter
945 1861 1078 1924 mirabi-

110 1965 146 2039 lia
168 1985 220 2047 per
236 1974 389 2048 martyres
412 1965 495 2028 edita
514 1964 737 2027 recensendam
763 1984 851 2041 esse,
888 1974 1080 2028 monuerunt

111 2066 136 2127 S.
148 2068 288 2150 Ephraem
300 2070 345 2148 (in
356 2076 513 2150 postrema
521 2077 600 2131 orat.
614 2068 647 2129 dc
660 2069 834 2151 martyria),
844 2068 875 2130 S.
887 2068 1081 2148 Augustinus

113 2169 207 2247 (serm.
217 2175 255 2233 63
266 2171 306 2233 de
315 2171 457 2254 divers),
471 2170 686 2233 Theodoretus
699 2171 767 2251 (lit.
778 2174 797 2233 8
807 2179 918 2235 contra
930 2170 1063 2249 Graecos)
1068 2191 1076 2244 ;

113 2282 140 2333 et
165 2274 344 2355 hujusmodi
369 2276 540 2357 impiorum
566 2275 822 2357 justificationem
855 2276 1078 2338 miraculosam

111 2378 237 2458 appellat
252 2378 283 2441 S.
302 2378 469 2459 Gregorius
481 2379 651 2459 (homilhtl
663 2379 695 2439 in
707 2398 818 2459 evang.
830 2380 991 2462 Matthaei),
1002 2379 1071 2441 suh·

112 2478 199 2553 dens,
216 2481 283 2541 haec
295 2481 450 2542 miracula
468 2488 556 2543 tanto
570 2480 711 2561 majora,
728 2490 849 2562 quanto
862 2482 1037 2563 spiritualia
1048 2489 1080 2542 et

112 2600 160 2660 per
170 2603 239 2664 quae
254 2601 318 2646 non
331 2601 484 2664 corpora,
502 2582 555 2644 sed
569 2584 683 2645 animae
701 2584 893 2645 suscitantur
899 2604 908 2657 3
926 2593 957 2646 et
970 2584 1000 2647 S.
1018 2583 1077 2645 llu-

111 2686 245 2760 gustinus
269 2687 313 2766 (in
330 2706 376 2768 ps
391 2692 431 2749 'lll
453 2686 542 2748 etde
563 2686 688 2747 civitate
709 2687 783 2761 Dei,
798 2687 854 2749 lib.
881 2692 936 2763 22,
957 2707 1026 2770 cap.
1046 2690 1078 2771 8)

112 2788 270 2864 parificans
289 2788 514 2855 resurrectioni
534 2796 734 2850 mortuorum
757 2790 993 2853 suscitationem
1012 2790 1080 2852 ani-

112 2904 248 2962 marum3
265 2899 297 2951 et
314 2889 478 2952 conversio
501 2888 540 2951 ad
567 2889 727 2951 Christum
748 2890 971 2971 septemdecim
997 2910 1080 2973 prae-

113 2985 255 3052 lectorum
282 2990 473 3052 carnificinae
493 2991 643 3053 recolitur
664 2991 696 3051 in
723 2991 840 3053 tabulis
865 2992 1081 3055 ecclesiasticis

111 3090 183 3154 inter
194 3095 348 3157 miracula
359 3094 390 3157 S.
405 3094 564 3169 Martinae,
582 3095 746 3175 multaque
761 3095 824 3158 alia
846 3095 990 3177 exempla
1005 3114 1080 3178 sup·

111 3204 214 3273 petunt
231 3217 270 3259 ex
288 3197 373 3259 hetis
388 3207 582 3278 martyrum,
599 3206 631 3259 et
648 3197 680 3260 id
694 3198 886 3259 miraculum
910 3216 997 3275 esse,
1021 3199 1081 3261 fuit

111 3299 314 3379 approbatum
336 3299 368 3360 in
387 3298 540 3361 Relaticnc
554 3299 588 3361 S.
606 3300 793 3376 Francisrcc,
817 3300 848 3359 in
865 3300 1008 3361 miracala
1023 3304 1078 3377 13,

111 3398 185 3461 circa
198 3401 437 3463 conversionem
449 3400 615 3481 cujusdam
627 3401 744 3463 Tuscae.

146 3502 214 3563 llaec
228 3502 421 3576 habuimus,
435 3521 506 3583 quae
521 3501 560 3563 de
570 3502 732 3583 iosaphati
746 3552 752 3575 ‚
765 3500 926 3565 fortissimi
938 3503 1081 3585 praesulis

112 3602 198 3664 rebus
212 3604 244 3665 in
260 3604 324 3667 vita
339 3604 433 3683 gestis
446 3611 477 3665 et
489 3612 589 3665 morte
602 3603 634 3664 in
646 3604 760 3667 Christi
776 3605 910 3685 gratiam
923 3625 982 3687 pro
993 3605 1081 3668 Sedis

111 3702 199 3785 hujus
212 3706 418 3788 (apostolica)
433 3705 616 3769 defensione
629 3716 790 3788 suscepta,
807 3707 938 3789 ejusque
957 3708 1081 3772 virtutis

111 3805 229 3872 hvcoelo
242 3820 375 3891 receptae
391 3810 488 3889 signis
501 3828 539 3871 ex
555 3809 685 3891 publica
697 3808 759 3870 lide
773 3808 971 3872 referremus.

178 3979 260 4053 (Corvi.
274 3979 429 4035 Benedictus
440 3979 477 4035 Xl
482 3979 519 4050 V,
535 3979 570 4036 lle
583 3998 711 4035 servornm
722 3979 768 4036 uei
783 3980 893 4053 leatific.
908 3988 933 4037 ct
947 3987 1084 4039 Rectorem

227 4078 433 4144 cananimtimn,
448 4076 493 4133 lih.
508 4091 548 4149 ιιι,
563 4076 699 4152 appendix
712 4077 767 4146 lll,
783 4077 872 4134 Pars3
887 4085 913 4134 et
927 4078 966 4151 t.)
