<?xml version="1.0" encoding="UTF-8"?>
<!DOCTYPE html PUBLIC "-//W3C//DTD XHTML 1.0 Transitional//EN"
    "http://www.w3.org/TR/xhtml1/DTD/xhtml1-transitional.dtd">
<html xmlns="http://www.w3.org/1999/xhtml" xml:lang="en" lang="en">
 <head>
  <title>
</title>
<meta http-equiv="Content-Type" content="text/html;charset=utf-8" />
  <meta name='ocr-system' content='tesseract 3.04.00' />
  <meta name='ocr-capabilities' content='ocr_page ocr_carea ocr_par ocr_line ocrx_word'/>
</head>
<body>
  <div class='ocr_page' id='page_1' title='image "./cursusvitetcert00martgoog_0177.png"; bbox 0 0 3259 5484; ppageno 0'>
   <div class='ocr_carea' id='block_1_1' title="bbox 435 697 636 768">
    <p class='ocr_par' dir='ltr' id='par_1_1' title="bbox 435 697 636 768">
     <span class='ocr_line' id='line_1_1' title="bbox 435 697 636 768; baseline -0.01 -15"><span class='ocrx_word' id='word_1_1' title='bbox 435 697 636 768; x_wconf 71' lang='grc'><strong>..153-</strong></span> 
     </span>
    </p>
   </div>
   <div class='ocr_carea' id='block_1_2' title="bbox 212 1050 852 1120">
    <p class='ocr_par' dir='ltr' id='par_1_2' title="bbox 212 1050 852 1120">
     <span class='ocr_line' id='line_1_2' title="bbox 212 1050 852 1120; baseline -0.003 -1"><span class='ocrx_word' id='word_1_2' title='bbox 212 1052 456 1120; x_wconf 86' lang='lat' dir='ltr'><strong>SlGlSMUNDO</strong></span> <span class='ocrx_word' id='word_1_3' title='bbox 480 1053 521 1119; x_wconf 89' lang='lat'><strong>111</strong></span> <span class='ocrx_word' id='word_1_4' title='bbox 545 1052 641 1119; x_wconf 86' lang='lat' dir='ltr'>REGI</span> <span class='ocrx_word' id='word_1_5' title='bbox 664 1050 852 1119; x_wconf 67' lang='lat' dir='ltr'><strong>Potomia</strong></span> 
     </span>
    </p>
   </div>
   <div class='ocr_carea' id='block_1_3' title="bbox 389 1294 675 1341">
    <p class='ocr_par' dir='ltr' id='par_1_3' title="bbox 389 1294 675 1341">
     <span class='ocr_line' id='line_1_3' title="bbox 389 1294 675 1341; baseline -0.01 -1"><span class='ocrx_word' id='word_1_6' title='bbox 389 1296 525 1341; x_wconf 63' lang='lat' dir='ltr'><strong>thouars</strong></span> <span class='ocrx_word' id='word_1_7' title='bbox 545 1296 591 1340; x_wconf 83' lang='lat' dir='ltr'><strong>PP.</strong></span> <span class='ocrx_word' id='word_1_8' title='bbox 614 1294 675 1339; x_wconf 84' lang='lat' dir='ltr'><strong>vlu.</strong></span> 
     </span>
    </p>
   </div>
   <div class='ocr_carea' id='block_1_4' title="bbox 68 1580 1023 4219">
    <p class='ocr_par' dir='ltr' id='par_1_4' title="bbox 68 1580 1023 4219">
     <span class='ocr_line' id='line_1_4' title="bbox 101 1580 1019 1661; baseline 0 -21"><span class='ocrx_word' id='word_1_9' title='bbox 101 1580 165 1652; x_wconf 74' lang='lat' dir='ltr'><strong>Quis</strong></span> <span class='ocrx_word' id='word_1_10' title='bbox 187 1581 271 1643; x_wconf 87' lang='lat' dir='ltr'><strong>dahit</strong></span> <span class='ocrx_word' id='word_1_11' title='bbox 294 1583 396 1644; x_wconf 88' lang='lat' dir='ltr'><strong>oculis</strong></span> <span class='ocrx_word' id='word_1_12' title='bbox 423 1582 538 1643; x_wconf 91' lang='lat' dir='ltr'><strong>nostris</strong></span> <span class='ocrx_word' id='word_1_13' title='bbox 564 1580 684 1644; x_wconf 82' lang='lat' dir='ltr'><strong>sontem</strong></span> <span class='ocrx_word' id='word_1_14' title='bbox 712 1580 949 1661; x_wconf 82' lang='lat' dir='ltr'><strong>laerymarum,</strong></span> <span class='ocrx_word' id='word_1_15' title='bbox 985 1587 1019 1641; x_wconf 93' lang='lat' dir='ltr'><strong>ut</strong></span> 
     </span>
     <span class='ocr_line' id='line_1_5' title="bbox 71 1680 1019 1767; baseline 0.005 -28"><span class='ocrx_word' id='word_1_16' title='bbox 71 1680 316 1747; x_wconf 82' lang='lat' dir='ltr'><strong>schismaticorum</strong></span> <span class='ocrx_word' id='word_1_17' title='bbox 331 1683 548 1746; x_wconf 74' lang='lat' dir='ltr'>crudelitatem</span> <span class='ocrx_word' id='word_1_18' title='bbox 561 1692 592 1745; x_wconf 93' lang='lat' dir='ltr'><strong>et</strong></span> <span class='ocrx_word' id='word_1_19' title='bbox 603 1683 781 1747; x_wconf 89' lang='lat' dir='ltr'><strong>Poloeensis</strong></span> <span class='ocrx_word' id='word_1_20' title='bbox 792 1684 1019 1767; x_wconf 88' lang='lat' dir='ltr'><strong>archiepiscopi</strong></span> 
     </span>
     <span class='ocr_line' id='line_1_6' title="bbox 70 1785 1019 1869; baseline 0.006 -28"><span class='ocrx_word' id='word_1_21' title='bbox 70 1794 182 1846; x_wconf 88' lang='lat' dir='ltr'><strong>mortem</strong></span> <span class='ocrx_word' id='word_1_22' title='bbox 193 1785 355 1848; x_wconf 90' lang='lat' dir='ltr'><strong>lamentari</strong></span> <span class='ocrx_word' id='word_1_23' title='bbox 372 1785 555 1867; x_wconf 67' lang='lat' dir='ltr'><strong>possimus?</strong></span> <span class='ocrx_word' id='word_1_24' title='bbox 577 1787 623 1847; x_wconf 91' lang='lat' dir='ltr'><strong>Eu</strong></span> <span class='ocrx_word' id='word_1_25' title='bbox 645 1805 710 1869; x_wconf 91' lang='lat' dir='ltr'><strong>quo</strong></span> <span class='ocrx_word' id='word_1_26' title='bbox 730 1786 931 1869; x_wconf 75' lang='lat' dir='ltr'><strong>progreditur</strong></span> <span class='ocrx_word' id='word_1_27' title='bbox 957 1787 1019 1847; x_wconf 89' lang='lat' dir='ltr'><strong>im·</strong></span> 
     </span>
     <span class='ocr_line' id='line_1_7' title="bbox 70 1885 1019 1969; baseline 0.006 -24"><span class='ocrx_word' id='word_1_28' title='bbox 70 1885 354 1964; x_wconf 86' lang='lat' dir='ltr'><strong>pietatisbarbaries‚</strong></span> <span class='ocrx_word' id='word_1_29' title='bbox 371 1908 469 1969; x_wconf 92' lang='lat' dir='ltr'><strong>quam</strong></span> <span class='ocrx_word' id='word_1_30' title='bbox 481 1906 545 1951; x_wconf 91' lang='lat' dir='ltr'><strong>non</strong></span> <span class='ocrx_word' id='word_1_31' title='bbox 559 1890 651 1952; x_wconf 90' lang='lat' dir='ltr'><strong>satiat</strong></span> <span class='ocrx_word' id='word_1_32' title='bbox 669 1890 887 1954; x_wconf 90' lang='lat' dir='ltr'><strong>innocentium</strong></span> <span class='ocrx_word' id='word_1_33' title='bbox 908 1891 1019 1963; x_wconf 85' lang='lat' dir='ltr'><strong>fletus,</strong></span> 
     </span>
     <span class='ocr_line' id='line_1_8' title="bbox 70 1990 1018 2076; baseline 0.006 -29"><span class='ocrx_word' id='word_1_34' title='bbox 70 1990 116 2051; x_wconf 89' lang='lat' dir='ltr'><strong>uisi</strong></span> <span class='ocrx_word' id='word_1_35' title='bbox 144 1996 320 2074; x_wconf 76' lang='lat' dir='ltr'><strong>sacrilegam</strong></span> <span class='ocrx_word' id='word_1_36' title='bbox 350 1995 436 2056; x_wconf 89' lang='lat' dir='ltr'><strong>sitim</strong></span> <span class='ocrx_word' id='word_1_37' title='bbox 465 1994 590 2076; x_wconf 81' lang='lat' dir='ltr'><strong>expleat</strong></span> <span class='ocrx_word' id='word_1_38' title='bbox 617 1995 770 2075; x_wconf 90' lang='lat' dir='ltr'><strong>sanguiue</strong></span> <span class='ocrx_word' id='word_1_39' title='bbox 800 1992 1018 2056; x_wconf 80' lang='lat' dir='ltr'><strong>sacerdotum!</strong></span> 
     </span>
     <span class='ocr_line' id='line_1_9' title="bbox 71 2088 1022 2171; baseline 0.007 -21"><span class='ocrx_word' id='word_1_40' title='bbox 71 2088 178 2155; x_wconf 82' lang='lat' dir='ltr'><strong>Sacrum</strong></span> <span class='ocrx_word' id='word_1_41' title='bbox 192 2097 362 2158; x_wconf 77' lang='lat' dir='ltr'><strong>antistitem</strong></span> <span class='ocrx_word' id='word_1_42' title='bbox 374 2114 438 2159; x_wconf 90' lang='lat' dir='ltr'><strong>uon</strong></span> <span class='ocrx_word' id='word_1_43' title='bbox 454 2095 563 2159; x_wconf 80' lang='lat' dir='ltr'><strong>infulis</strong></span> <span class='ocrx_word' id='word_1_44' title='bbox 577 2096 688 2171; x_wconf 88' lang='lat' dir='ltr'><strong>modu,</strong></span> <span class='ocrx_word' id='word_1_45' title='bbox 705 2096 867 2160; x_wconf 87' lang='lat' dir='ltr'><strong>sedetiam</strong></span> <span class='ocrx_word' id='word_1_46' title='bbox 880 2096 1022 2159; x_wconf 82' lang='lat' dir='ltr'><strong>moribus</strong></span> 
     </span>
     <span class='ocr_line' id='line_1_10' title="bbox 71 2195 1022 2279; baseline 0.008 -29"><span class='ocrx_word' id='word_1_47' title='bbox 71 2196 255 2259; x_wconf 69' lang='lat' dir='ltr'><strong>venerabilem</strong></span> <span class='ocrx_word' id='word_1_48' title='bbox 277 2199 310 2260; x_wconf 94' lang='lat' dir='ltr'><strong>in</strong></span> <span class='ocrx_word' id='word_1_49' title='bbox 332 2198 469 2279; x_wconf 91' lang='lat' dir='ltr'><strong>propriis</strong></span> <span class='ocrx_word' id='word_1_50' title='bbox 494 2195 616 2259; x_wconf 71' lang='lat' dir='ltr'><strong>aedibus</strong></span> <span class='ocrx_word' id='word_1_51' title='bbox 641 2216 659 2259; x_wconf 91' lang='lat' dir='ltr'><strong>a</strong></span> <span class='ocrx_word' id='word_1_52' title='bbox 685 2196 862 2261; x_wconf 80' lang='lat' dir='ltr'><strong>facinoroso</strong></span> <span class='ocrx_word' id='word_1_53' title='bbox 885 2199 970 2260; x_wconf 86' lang='lat' dir='ltr'><strong>clero</strong></span> <span class='ocrx_word' id='word_1_54' title='bbox 991 2205 1022 2259; x_wconf 89' lang='lat' dir='ltr'><strong>et</strong></span> 
     </span>
     <span class='ocr_line' id='line_1_11' title="bbox 71 2293 1021 2380; baseline 0.009 -30"><span class='ocrx_word' id='word_1_55' title='bbox 71 2293 190 2357; x_wconf 79' lang='lat' dir='ltr'><strong>sarriente</strong></span> <span class='ocrx_word' id='word_1_56' title='bbox 201 2296 321 2380; x_wconf 93' lang='lat' dir='ltr'><strong>populo</strong></span> <span class='ocrx_word' id='word_1_57' title='bbox 343 2298 435 2359; x_wconf 87' lang='lat' dir='ltr'><strong>isthic</strong></span> <span class='ocrx_word' id='word_1_58' title='bbox 450 2297 641 2360; x_wconf 85' lang='lat' dir='ltr'><strong>trucidatum</strong></span> <span class='ocrx_word' id='word_1_59' title='bbox 660 2317 744 2374; x_wconf 91' lang='lat' dir='ltr'><strong>esse,</strong></span> <span class='ocrx_word' id='word_1_60' title='bbox 764 2317 828 2362; x_wconf 91' lang='lat' dir='ltr'><strong>non</strong></span> <span class='ocrx_word' id='word_1_61' title='bbox 850 2298 1021 2361; x_wconf 88' lang='lat' dir='ltr'><strong>obscurum</strong></span> 
     </span>
     <span class='ocr_line' id='line_1_12' title="bbox 72 2394 1020 2484; baseline 0.011 -33"><span class='ocrx_word' id='word_1_62' title='bbox 72 2394 218 2460; x_wconf 81' lang='lat' dir='ltr'><strong>estdirinae</strong></span> <span class='ocrx_word' id='word_1_63' title='bbox 232 2398 363 2461; x_wconf 91' lang='lat' dir='ltr'><strong>ultionis</strong></span> <span class='ocrx_word' id='word_1_64' title='bbox 376 2398 604 2462; x_wconf 85' lang='lat' dir='ltr'><strong>documentum</strong></span> <span class='ocrx_word' id='word_1_65' title='bbox 620 2401 652 2461; x_wconf 92' lang='lat' dir='ltr'><strong>in</strong></span> <span class='ocrx_word' id='word_1_66' title='bbox 674 2419 728 2463; x_wconf 91' lang='lat' dir='ltr'><strong>eos</strong></span> <span class='ocrx_word' id='word_1_67' title='bbox 749 2402 894 2484; x_wconf 76' lang='lat' dir='ltr'><strong>populos,</strong></span> <span class='ocrx_word' id='word_1_68' title='bbox 911 2400 935 2463; x_wconf 88' lang='grc'>0</span> <span class='ocrx_word' id='word_1_69' title='bbox 955 2419 1020 2463; x_wconf 92' lang='lat' dir='ltr'><strong>rem</strong></span> 
     </span>
     <span class='ocr_line' id='line_1_13' title="bbox 70 2494 1020 2587; baseline 0.015 -34"><span class='ocrx_word' id='word_1_70' title='bbox 70 2494 263 2575; x_wconf 78' lang='grc'><strong>1111111111111111,</strong></span> <span class='ocrx_word' id='word_1_71' title='bbox 279 2499 390 2563; x_wconf 91' lang='lat' dir='ltr'><strong>auditu</strong></span> <span class='ocrx_word' id='word_1_72' title='bbox 412 2502 641 2565; x_wconf 89' lang='lat' dir='ltr'><strong>miserandaml</strong></span> <span class='ocrx_word' id='word_1_73' title='bbox 665 2504 787 2586; x_wconf 87' lang='lat' dir='ltr'><strong>Corpus</strong></span> <span class='ocrx_word' id='word_1_74' title='bbox 807 2504 908 2579; x_wconf 90' lang='lat' dir='ltr'><strong>illud,</strong></span> <span class='ocrx_word' id='word_1_75' title='bbox 934 2504 1020 2587; x_wconf 90' lang='lat' dir='ltr'><strong>quod</strong></span> 
     </span>
     <span class='ocr_line' id='line_1_14' title="bbox 71 2592 1022 2690; baseline 0.018 -37"><span class='ocrx_word' id='word_1_76' title='bbox 71 2592 179 2675; x_wconf 88' lang='lat' dir='ltr'><strong>Spiritus</strong></span> <span class='ocrx_word' id='word_1_77' title='bbox 193 2603 293 2664; x_wconf 90' lang='lat' dir='ltr'><strong>saneti</strong></span> <span class='ocrx_word' id='word_1_78' title='bbox 304 2603 459 2685; x_wconf 90' lang='lat' dir='ltr'><strong>templum</strong></span> <span class='ocrx_word' id='word_1_79' title='bbox 473 2604 548 2684; x_wconf 88' lang='lat' dir='ltr'><strong>luit,</strong></span> <span class='ocrx_word' id='word_1_80' title='bbox 565 2604 783 2669; x_wconf 80' lang='lat' dir='ltr'><strong>ferocientium</strong></span> <span class='ocrx_word' id='word_1_81' title='bbox 798 2607 945 2669; x_wconf 89' lang='lat' dir='ltr'><strong>manibus</strong></span> <span class='ocrx_word' id='word_1_82' title='bbox 966 2627 1022 2690; x_wconf 92' lang='lat' dir='ltr'><strong>per</strong></span> 
     </span>
     <span class='ocr_line' id='line_1_15' title="bbox 70 2698 1022 2792; baseline 0.017 -36"><span class='ocrx_word' id='word_1_83' title='bbox 70 2698 178 2765; x_wconf 75' lang='lat' dir='ltr'><strong>civitatis</strong></span> <span class='ocrx_word' id='word_1_84' title='bbox 190 2705 330 2787; x_wconf 88' lang='lat' dir='ltr'><strong>compita</strong></span> <span class='ocrx_word' id='word_1_85' title='bbox 346 2714 482 2769; x_wconf 91' lang='lat' dir='ltr'><strong>tractum</strong></span> <span class='ocrx_word' id='word_1_86' title='bbox 500 2726 567 2768; x_wconf 89' lang='lat' dir='ltr'><strong>esse</strong></span> <span class='ocrx_word' id='word_1_87' title='bbox 588 2708 784 2791; x_wconf 87' lang='lat' dir='ltr'><strong>accepimus;</strong></span> <span class='ocrx_word' id='word_1_88' title='bbox 803 2719 834 2770; x_wconf 93' lang='lat' dir='ltr'><strong>et</strong></span> <span class='ocrx_word' id='word_1_89' title='bbox 854 2709 905 2771; x_wconf 94' lang='lat' dir='ltr'><strong>cui</strong></span> <span class='ocrx_word' id='word_1_90' title='bbox 927 2710 1022 2792; x_wconf 92' lang='lat' dir='ltr'><strong>plau·</strong></span> 
     </span>
     <span class='ocr_line' id='line_1_16' title="bbox 70 2799 1019 2892; baseline 0.017 -33"><span class='ocrx_word' id='word_1_91' title='bbox 70 2799 154 2867; x_wconf 87' lang='lat' dir='ltr'><strong>dentes</strong></span> <span class='ocrx_word' id='word_1_92' title='bbox 163 2808 271 2889; x_wconf 81' lang='lat' dir='ltr'><strong>hugcli</strong></span> <span class='ocrx_word' id='word_1_93' title='bbox 285 2807 434 2871; x_wconf 88' lang='lat' dir='ltr'><strong>credendi</strong></span> <span class='ocrx_word' id='word_1_94' title='bbox 446 2820 520 2874; x_wconf 89' lang='lat' dir='ltr'><strong>sunt</strong></span> <span class='ocrx_word' id='word_1_95' title='bbox 535 2812 676 2892; x_wconf 85' lang='lat' dir='ltr'><strong>martyrii</strong></span> <span class='ocrx_word' id='word_1_96' title='bbox 688 2830 839 2875; x_wconf 89' lang='lat' dir='ltr'><strong>eoronam</strong></span> <span class='ocrx_word' id='word_1_97' title='bbox 860 2812 1019 2886; x_wconf 88' lang='lat' dir='ltr'><strong>detulisse,</strong></span> 
     </span>
     <span class='ocr_line' id='line_1_17' title="bbox 71 2905 1021 2995; baseline 0.009 -28"><span class='ocrx_word' id='word_1_98' title='bbox 71 2905 233 2974; x_wconf 83' lang='lat' dir='ltr'><strong>schismatici</strong></span> <span class='ocrx_word' id='word_1_99' title='bbox 259 2913 361 2987; x_wconf 85' lang='lat' dir='ltr'><strong>soclus</strong></span> <span class='ocrx_word' id='word_1_100' title='bbox 381 2913 586 2987; x_wconf 84' lang='lat' dir='ltr'><strong>anhelantes,</strong></span> <span class='ocrx_word' id='word_1_101' title='bbox 610 2932 666 2995; x_wconf 90' lang='lat' dir='ltr'><strong>per</strong></span> <span class='ocrx_word' id='word_1_102' title='bbox 687 2932 850 2976; x_wconf 88' lang='lat' dir='ltr'><strong>summum</strong></span> <span class='ocrx_word' id='word_1_103' title='bbox 873 2914 1021 2977; x_wconf 73' lang='lat' dir='ltr'><strong>humanae</strong></span> 
     </span>
     <span class='ocr_line' id='line_1_18' title="bbox 71 3005 1021 3080; baseline 0.006 -7"><span class='ocrx_word' id='word_1_104' title='bbox 71 3005 211 3077; x_wconf 80' lang='lat' dir='ltr'><strong>ferocitatis</strong></span> <span class='ocrx_word' id='word_1_105' title='bbox 224 3015 362 3078; x_wconf 86' lang='lat' dir='ltr'><strong>dedecus</strong></span> <span class='ocrx_word' id='word_1_106' title='bbox 376 3017 511 3079; x_wconf 82' lang='lat' dir='ltr'><strong>illusisse</strong></span> <span class='ocrx_word' id='word_1_107' title='bbox 525 3016 697 3079; x_wconf 87' lang='lat' dir='ltr'><strong>barbarum</strong></span> <span class='ocrx_word' id='word_1_108' title='bbox 713 3017 745 3078; x_wconf 94' lang='lat' dir='ltr'><strong>in</strong></span> <span class='ocrx_word' id='word_1_109' title='bbox 764 3036 885 3079; x_wconf 91' lang='lat' dir='ltr'><strong>morem</strong></span> <span class='ocrx_word' id='word_1_110' title='bbox 906 3018 1021 3080; x_wconf 93' lang='lat' dir='ltr'><strong>dicuu-</strong></span> 
     </span>
     <span class='ocr_line' id='line_1_19' title="bbox 70 3109 1022 3200; baseline 0.016 -33"><span class='ocrx_word' id='word_1_111' title='bbox 70 3114 115 3170; x_wconf 86' lang='lat' dir='ltr'><strong>tur.</strong></span> <span class='ocrx_word' id='word_1_112' title='bbox 129 3114 184 3177; x_wconf 86' lang='lat' dir='ltr'><strong>an</strong></span> <span class='ocrx_word' id='word_1_113' title='bbox 195 3116 325 3198; x_wconf 89' lang='lat' dir='ltr'><strong>quidem</strong></span> <span class='ocrx_word' id='word_1_114' title='bbox 341 3109 509 3199; x_wconf 87' lang='lat' dir='ltr'><strong>pretiosam</strong></span> <span class='ocrx_word' id='word_1_115' title='bbox 525 3118 608 3180; x_wconf 90' lang='lat' dir='ltr'><strong>hanc</strong></span> <span class='ocrx_word' id='word_1_116' title='bbox 623 3127 777 3193; x_wconf 88' lang='lat' dir='ltr'><strong>mortem,</strong></span> <span class='ocrx_word' id='word_1_117' title='bbox 801 3138 865 3200; x_wconf 88' lang='lat' dir='ltr'><strong>qua</strong></span> <span class='ocrx_word' id='word_1_118' title='bbox 887 3121 1022 3182; x_wconf 88' lang='lat' dir='ltr'><strong>coelestis</strong></span> 
     </span>
     <span class='ocr_line' id='line_1_20' title="bbox 70 3210 1021 3305; baseline 0.012 -33"><span class='ocrx_word' id='word_1_119' title='bbox 70 3210 240 3297; x_wconf 82' lang='lat' dir='ltr'><strong>principatus</strong></span> <span class='ocrx_word' id='word_1_120' title='bbox 261 3217 425 3281; x_wconf 80' lang='lat' dir='ltr'><strong>haereditas</strong></span> <span class='ocrx_word' id='word_1_121' title='bbox 447 3218 569 3297; x_wconf 87' lang='lat' dir='ltr'><strong>aditur,</strong></span> <span class='ocrx_word' id='word_1_122' title='bbox 584 3219 705 3305; x_wconf 89' lang='lat' dir='ltr'><strong>optimo</strong></span> <span class='ocrx_word' id='word_1_123' title='bbox 726 3220 857 3283; x_wconf 91' lang='lat' dir='ltr'><strong>antistiti</strong></span> <span class='ocrx_word' id='word_1_124' title='bbox 871 3222 1021 3300; x_wconf 87' lang='lat' dir='ltr'><strong>gratulari</strong></span> 
     </span>
     <span class='ocr_line' id='line_1_21' title="bbox 70 3312 1021 3406; baseline 0.008 -29"><span class='ocrx_word' id='word_1_125' title='bbox 70 3312 214 3385; x_wconf 78' lang='lat' dir='ltr'><strong>Ecclesiam</strong></span> <span class='ocrx_word' id='word_1_126' title='bbox 245 3342 336 3406; x_wconf 84' lang='lat' dir='ltr'><strong>posse</strong></span> <span class='ocrx_word' id='word_1_127' title='bbox 363 3340 538 3384; x_wconf 87' lang='lat' dir='ltr'><strong>censemus.</strong></span> <span class='ocrx_word' id='word_1_128' title='bbox 563 3321 603 3382; x_wconf 79' lang='lat' dir='ltr'><strong>ht</strong></span> <span class='ocrx_word' id='word_1_129' title='bbox 626 3321 710 3382; x_wconf 87' lang='lat' dir='ltr'><strong>enirn</strong></span> <span class='ocrx_word' id='word_1_130' title='bbox 739 3322 930 3403; x_wconf 90' lang='lat' dir='ltr'><strong>impunitam</strong></span> <span class='ocrx_word' id='word_1_131' title='bbox 955 3341 1021 3385; x_wconf 85' lang='lat' dir='ltr'><strong>esse</strong></span> 
     </span>
     <span class='ocr_line' id='line_1_22' title="bbox 69 3420 1023 3490; baseline 0.012 -16"><span class='ocrx_word' id='word_1_132' title='bbox 69 3420 138 3483; x_wconf 82' lang='lat' dir='ltr'><strong>nrl&#39;as</strong></span> <span class='ocrx_word' id='word_1_133' title='bbox 148 3437 191 3488; x_wconf 90' lang='lat' dir='ltr'><strong>est</strong></span> <span class='ocrx_word' id='word_1_134' title='bbox 205 3429 390 3490; x_wconf 88' lang='lat' dir='ltr'><strong>sicariorum</strong></span> <span class='ocrx_word' id='word_1_135' title='bbox 405 3425 634 3489; x_wconf 89' lang='lat' dir='ltr'><strong>crudelitatem.</strong></span> <span class='ocrx_word' id='word_1_136' title='bbox 649 3424 707 3486; x_wconf 90' lang='lat' dir='ltr'><strong>Ubi</strong></span> <span class='ocrx_word' id='word_1_137' title='bbox 722 3432 787 3486; x_wconf 90' lang='lat' dir='ltr'><strong>tam</strong></span> <span class='ocrx_word' id='word_1_138' title='bbox 799 3434 887 3486; x_wconf 82' lang='lat' dir='ltr'><strong>atrox</strong></span> <span class='ocrx_word' id='word_1_139' title='bbox 902 3424 1023 3486; x_wconf 84' lang='lat' dir='ltr'><strong>lacinus</strong></span> 
     </span>
     <span class='ocr_line' id='line_1_23' title="bbox 69 3514 1020 3609; baseline 0.011 -33"><span class='ocrx_word' id='word_1_140' title='bbox 69 3514 161 3587; x_wconf 82' lang='lat' dir='ltr'><strong>diriuae</strong></span> <span class='ocrx_word' id='word_1_141' title='bbox 175 3529 303 3591; x_wconf 88' lang='lat' dir='ltr'><strong>ultionis</strong></span> <span class='ocrx_word' id='word_1_142' title='bbox 314 3528 437 3608; x_wconf 88' lang='lat' dir='ltr'><strong>flagella</strong></span> <span class='ocrx_word' id='word_1_143' title='bbox 450 3526 618 3609; x_wconf 88' lang='lat' dir='ltr'><strong>implorat,</strong></span> <span class='ocrx_word' id='word_1_144' title='bbox 633 3525 820 3588; x_wconf 88' lang='lat' dir='ltr'><strong>maledictus</strong></span> <span class='ocrx_word' id='word_1_145' title='bbox 832 3526 947 3598; x_wconf 87' lang='lat' dir='ltr'><strong>homo,</strong></span> <span class='ocrx_word' id='word_1_146' title='bbox 966 3525 1020 3606; x_wconf 90' lang='lat' dir='ltr'><strong>qui</strong></span> 
     </span>
     <span class='ocr_line' id='line_1_24' title="bbox 69 3626 1021 3711; baseline 0.004 -27"><span class='ocrx_word' id='word_1_147' title='bbox 69 3626 193 3697; x_wconf 80' lang='lat' dir='ltr'><strong>prohibet</strong></span> <span class='ocrx_word' id='word_1_148' title='bbox 205 3632 347 3711; x_wconf 87' lang='lat' dir='ltr'><strong>gladium</strong></span> <span class='ocrx_word' id='word_1_149' title='bbox 361 3650 487 3693; x_wconf 91' lang='lat' dir='ltr'><strong>suuma</strong></span> <span class='ocrx_word' id='word_1_150' title='bbox 508 3629 671 3709; x_wconf 82' lang='lat' dir='ltr'><strong>sanguine.</strong></span> <span class='ocrx_word' id='word_1_151' title='bbox 692 3629 787 3690; x_wconf 86' lang='lat' dir='ltr'><strong>Ferro</strong></span> <span class='ocrx_word' id='word_1_152' title='bbox 811 3628 907 3707; x_wconf 89' lang='lat' dir='ltr'><strong>igitur</strong></span> <span class='ocrx_word' id='word_1_153' title='bbox 928 3636 1021 3709; x_wconf 90' lang='lat' dir='ltr'><strong>atque</strong></span> 
     </span>
     <span class='ocr_line' id='line_1_25' title="bbox 69 3720 1023 3815; baseline 0.012 -33"><span class='ocrx_word' id='word_1_154' title='bbox 69 3720 124 3798; x_wconf 83' lang='lat' dir='ltr'><strong>igue</strong></span> <span class='ocrx_word' id='word_1_155' title='bbox 142 3730 309 3806; x_wconf 88' lang='lat' dir='ltr'><strong>abstinere,</strong></span> <span class='ocrx_word' id='word_1_156' title='bbox 335 3752 388 3793; x_wconf 83' lang='lat' dir='ltr'><strong>rex</strong></span> <span class='ocrx_word' id='word_1_157' title='bbox 415 3732 649 3815; x_wconf 87' lang='lat' dir='ltr'><strong>potentissime,</strong></span> <span class='ocrx_word' id='word_1_158' title='bbox 675 3750 740 3794; x_wconf 91' lang='lat' dir='ltr'><strong>non</strong></span> <span class='ocrx_word' id='word_1_159' title='bbox 765 3732 871 3795; x_wconf 88' lang='lat' dir='ltr'><strong>debes.</strong></span> <span class='ocrx_word' id='word_1_160' title='bbox 905 3731 1023 3793; x_wconf 90' lang='lat' dir='ltr'><strong>Sentiat</strong></span> 
     </span>
     <span class='ocr_line' id='line_1_26' title="bbox 69 3820 1021 3917; baseline 0.009 -31"><span class='ocrx_word' id='word_1_161' title='bbox 69 3820 174 3894; x_wconf 80' lang='lat' dir='ltr'><strong>heresis</strong></span> <span class='ocrx_word' id='word_1_162' title='bbox 192 3854 255 3898; x_wconf 90' lang='lat' dir='ltr'><strong>non</strong></span> <span class='ocrx_word' id='word_1_163' title='bbox 270 3835 376 3898; x_wconf 88' lang='lat' dir='ltr'><strong>deesse</strong></span> <span class='ocrx_word' id='word_1_164' title='bbox 390 3834 529 3897; x_wconf 87' lang='lat' dir='ltr'><strong>cruentis</strong></span> <span class='ocrx_word' id='word_1_165' title='bbox 539 3835 709 3897; x_wconf 86' lang='lat' dir='ltr'><strong>sceleribus</strong></span> <span class='ocrx_word' id='word_1_166' title='bbox 721 3835 886 3917; x_wconf 89' lang='lat' dir='ltr'><strong>supplicia.</strong></span> <span class='ocrx_word' id='word_1_167' title='bbox 904 3834 938 3896; x_wconf 92' lang='lat' dir='ltr'><strong>lu</strong></span> <span class='ocrx_word' id='word_1_168' title='bbox 957 3842 1021 3895; x_wconf 90' lang='lat' dir='ltr'><strong>tam</strong></span> 
     </span>
     <span class='ocr_line' id='line_1_27' title="bbox 68 3922 1018 4019; baseline 0.017 -38"><span class='ocrx_word' id='word_1_169' title='bbox 68 3922 373 4000; x_wconf 87' lang='lat' dir='ltr'><strong>detestandosaeinore</strong></span> <span class='ocrx_word' id='word_1_170' title='bbox 383 3937 597 4001; x_wconf 91' lang='lat' dir='ltr'><strong>misericordia</strong></span> <span class='ocrx_word' id='word_1_171' title='bbox 609 3955 667 4019; x_wconf 90' lang='lat' dir='ltr'><strong>pro</strong></span> <span class='ocrx_word' id='word_1_172' title='bbox 678 3937 794 3999; x_wconf 83' lang='lat' dir='ltr'><strong>saeritia</strong></span> <span class='ocrx_word' id='word_1_173' title='bbox 805 3946 851 3998; x_wconf 81' lang='lat' dir='ltr'><strong>est</strong></span> <span class='ocrx_word' id='word_1_174' title='bbox 862 3936 1018 3999; x_wconf 80' lang='lat' dir='ltr'><strong>habenda.</strong></span> 
     </span>
     <span class='ocr_line' id='line_1_28' title="bbox 68 4022 1022 4120; baseline 0.002 -25"><span class='ocrx_word' id='word_1_175' title='bbox 68 4022 150 4095; x_wconf 75' lang='lat' dir='ltr'><strong>Quare</strong></span> <span class='ocrx_word' id='word_1_176' title='bbox 165 4055 267 4100; x_wconf 86' lang='lat' dir='ltr'><strong>moras</strong></span> <span class='ocrx_word' id='word_1_177' title='bbox 281 4056 391 4100; x_wconf 89' lang='lat' dir='ltr'><strong>omnes</strong></span> <span class='ocrx_word' id='word_1_178' title='bbox 410 4046 537 4120; x_wconf 88' lang='lat' dir='ltr'><strong>rumpat</strong></span> <span class='ocrx_word' id='word_1_179' title='bbox 559 4039 599 4099; x_wconf 90' lang='lat' dir='ltr'><strong>hl.</strong></span> <span class='ocrx_word' id='word_1_180' title='bbox 624 4039 672 4113; x_wconf 91' lang='grc' dir='ltr'><strong>Τ.,</strong></span> <span class='ocrx_word' id='word_1_181' title='bbox 687 4047 716 4100; x_wconf 85' lang='grc'><strong>61</strong></span> <span class='ocrx_word' id='word_1_182' title='bbox 732 4038 784 4119; x_wconf 87' lang='lat' dir='ltr'><strong>pia</strong></span> <span class='ocrx_word' id='word_1_183' title='bbox 806 4035 1022 4118; x_wconf 79' lang='lat' dir='ltr'><strong>indignatione</strong></span> 
     </span>
     <span class='ocr_line' id='line_1_29' title="bbox 69 4131 1021 4219; baseline 0.016 -35"><span class='ocrx_word' id='word_1_184' title='bbox 69 4131 268 4212; x_wconf 75' lang='lat' dir='ltr'><strong>exardescens,</strong></span> <span class='ocrx_word' id='word_1_185' title='bbox 299 4139 459 4200; x_wconf 82' lang='lat' dir='ltr'><strong>moereutis</strong></span> <span class='ocrx_word' id='word_1_186' title='bbox 487 4139 648 4218; x_wconf 86' lang='lat' dir='ltr'><strong>religionis</strong></span> <span class='ocrx_word' id='word_1_187' title='bbox 674 4139 828 4218; x_wconf 72' lang='lat' dir='ltr'><strong>lacrymas</strong></span> <span class='ocrx_word' id='word_1_188' title='bbox 850 4138 1021 4219; x_wconf 84' lang='lat' dir='ltr'><strong>impiorum</strong></span> 
     </span>
    </p>
   </div>
   <div class='ocr_carea' id='block_1_5' title="bbox 0 0 1634 5484">
    <p class='ocr_par' dir='ltr' id='par_1_5' title="bbox 0 0 1634 5484">
     <span class='ocr_line' id='line_1_30' title="bbox 0 0 1634 5484; baseline 0 0"><span class='ocrx_word' id='word_1_189' title='bbox 0 0 1634 5484; x_wconf 95' lang='lat' dir='ltr'><strong> </strong></span> 
     </span>
    </p>
   </div>
  </div>
 </body>
</html>
