3259 5484
472 723 631 795 -9-

59 892 278 985 quandoque
311 889 434 959 babitu
462 890 626 970 indutus,
664 889 806 960 brevem
838 889 1038 977 durumque

57 1004 228 1097 capiebat
254 1024 428 1071 somnum.
460 1002 607 1071 Lineum
631 1001 809 1070 indusium
838 1005 912 1069 toto
940 1019 1038 1090 prae-

58 1114 273 1185 terlabentis
289 1113 369 1182 vitae
389 1112 488 1181 fluxu
502 1113 640 1204 corpori
660 1133 730 1181 uon
755 1109 941 1202 imposuit,
966 1107 1039 1177 oili-

57 1227 116 1296 oio
148 1226 305 1318 setisque
329 1224 427 1294 duris
467 1224 624 1317 singulos
652 1224 688 1293 in
714 1223 789 1294 dies
821 1228 937 1291 utens.
965 1220 1038 1289 Sub

57 1337 196 1430 quibus
218 1337 398 1429 cingulum
419 1335 672 1428 asperrimum,
693 1335 818 1406 ferreis
833 1333 1038 1404 distinctum

57 1454 161 1518 certo
179 1447 301 1516 ordine
322 1447 495 1516 eatenulis
515 1453 550 1516 et
569 1446 689 1526 uncie,
705 1446 797 1516 ferre
821 1444 947 1514 solitus
969 1449 1035 1512 est.

57 1561 200 1642 Quibus
230 1559 390 1629 membra
415 1559 452 1626 iu
478 1559 622 1652 longum
645 1565 680 1629 et
707 1555 936 1627 transversim
959 1577 1039 1624 oon·

58 1672 272 1764 stringebat,
287 1678 475 1741 utoarnem
487 1677 715 1764 penetrarent
726 1671 1035 1760 vulnerarentque.

56 1784 289 1854 Potissimum
313 1807 396 1854 vero
418 1784 453 1852 id
463 1791 596 1876 ’egerat
619 1789 700 1854 ante
724 1783 800 1853 dies
817 1781 1035 1859 festiviores,

58 1902 96 1966 et
117 1917 202 1966 oum
216 1917 312 1965 saera
328 1899 399 1964 Deo
412 1895 555 1965 faceret.

104 2021 238 2087 Graves
262 2018 339 2110 ejus
360 2017 516 2110 eorporis
543 2015 638 2085 vario
662 2015 881 2108 flagellorum
907 2035 1036 2106 genere

58 2125 312 2217 castigationes
343 2125 543 2197 describere
577 2127 768 2196 universim
804 2123 1033 2216 perdifficile,

58 2257 141 2304 eum
165 2257 237 2304 non
261 2237 364 2306 modo
389 2258 500 2306 oaeoos
525 2237 618 2306 inter
643 2236 741 2306 oellae
770 2234 944 2328 parietes,
977 2233 1038 2302 sed

58 2346 170 2414 etiam
185 2345 221 2412 in
236 2346 339 2415 horto
355 2344 580 2443 monasterii,
604 2352 640 2414 et
655 2343 870 2435 ubicumque
896 2340 1033 2433 potuit,

60 2479 140 2527 sese
165 2457 366 2538 dirissime,
399 2479 653 2549 nonnunquam
682 2456 725 2524 ad
752 2454 964 2548 profluvium
982 2453 1034 2521 in-

59 2567 175 2637 sontis
200 2566 398 2659 sanguinis,
427 2566 624 2659 flagellarit.
649 2569 755 2636 Nocte
784 2565 890 2635 toties
914 2564 1039 2632 intem-

60 2688 181 2771 pesta,
204 2701 274 2748 non
294 2679 412 2748 minus
434 2678 744 2771 temperatioribus
770 2677 853 2746 an'ni
887 2683 1040 2768 tempes-

59 2795 213 2874 tatibus,
232 2817 338 2886 quam
361 2817 508 2865 summae
530 2816 672 2886 quoque
696 2793 824 2863 hiemis
848 2792 1039 2886 perfrigido

59 2907 145 2976 illue
165 2907 267 3000 gelu,
291 2907 441 3000 pedibus
464 2913 499 2976 et
513 2907 628 3001 eapite
649 2907 772 2986 nudis,
797 2907 872 2975 solo
895 2905 1041 2975 indutus

59 3019 196 3098 cilicio,
215 3041 278 3111 per
293 3017 536 3088 coemeterium
553 3017 634 3086 altis
648 3017 765 3109 rigens
780 3016 933 3098 nivibus,
951 3017 1039 3085 cella

59 3129 227 3222 progredi
242 3127 451 3198 observatus
474 3150 481 3195 :
503 3127 610 3219 idque
630 3128 672 3197 ad
689 3149 855 3220 magnum
870 3128 1042 3220 planum-

59 3263 129 3332 que
160 3239 314 3332 lapidem
339 3239 519 3309 memoriae
542 3240 725 3332 oujusdam
745 3239 919 3321 funerati,
946 3244 1042 3311 retro

59 3351 247 3422 ecelesiam
258 3351 474 3432 monasterii,
490 3351 658 3443 positum.
673 3356 716 3421 Et
726 3352 808 3444 quia
822 3373 866 3421 ex
879 3374 921 3422 eo
934 3351 1043 3421 sohis·

59 3463 270 3532 matieorum
296 3484 375 3531 eum
409 3462 554 3532 ecelesia
584 3462 782 3532 coenobium
814 3462 910 3531 cerni
942 3461 1040 3530 nullo

60 3578 203 3665 poterat
227 3573 386 3664 negotio,
414 3573 471 3642 hio
490 3572 525 3640 in
552 3594 588 3641 se
614 3573 731 3665 ipsum
756 3572 874 3664 flagris
900 3572 1042 3664 gravius

36 3717 39 3724 >
61 3705 170 3775 quam
186 3683 270 3751 alibi
297 3684 340 3752 ad
356 3683 562 3776 sanguinem
580 3683 759 3753 saeviebat.
777 3683 1042 3775 videbaturque

61 3792 295 3862 humanitatis
327 3793 506 3875 oblivisai;
540 3793 634 3885 quod
659 3801 763 3886 rupta
799 3796 929 3887 pedum
961 3801 1042 3865 oute

61 3903 207 3995 sanguis
233 3909 417 3982 manaret,
452 3910 488 3972 et
509 3905 619 3996 pedes
640 3904 708 3996 ipsi
739 3907 783 3974 ad
815 3927 939 3974 saxum
961 3907 1042 3998 gelu

61 4019 304 4083 aeoresoerent
312 4036 320 4095 ;
337 4035 402 4082 neo
415 4013 546 4083 sentire
562 4014 752 4096 videretur,
766 4014 886 4085 dolore
896 4021 1042 4108 propter

61 4131 205 4217 ruptam
220 4125 383 4196 Ecclesiae
404 4125 571 4196 unionem
591 4128 818 4220 praevalente.
838 4129 970 4198 Pedum
993 4135 1043 4198 ta·

1101 2038 1271 2094 flagellationes.
