3259 5484
312 3420 401 3464 coctu·
419 3421 503 3477 accipit.

952 655 1132 732 ..33-

557 821 703 892 adversa
736 821 825 892 lieri.
846 823 1015 894 Unionem
1039 829 1293 919 propemodum
1309 831 1524 924 collapsam:

561 933 922 1024 paucosetincertos,
940 943 1076 1005 certum
1100 939 1238 1008 nullum
1264 941 1424 1027 unitum;
1446 945 1528 1013 ani-

557 1067 632 1114 mas
646 1045 830 1116 hominum
840 1047 1044 1118 innumeras
1060 1049 1258 1121 miserande
1273 1053 1402 1144 perire.
1419 1059 1527 1124 Suum

556 1158 667 1238 velle,
686 1159 747 1228 Dei
761 1181 839 1230 esse
852 1159 963 1242 vellc;
979 1161 1195 1252 provinciam
1210 1165 1302 1233 hanc
1313 1173 1525 1258 capesseret.

556 1272 599 1339 At
623 1269 698 1362 ipse
720 1269 939 1362 complicatis
957 1272 1000 1340 ad
1020 1279 1145 1364 pectus
1167 1273 1355 1356 manibus,
1380 1276 1529 1345 submis

557 1379 648 1449 siore
659 1400 839 1460 sermone,
853 1379 889 1448 in
902 1386 1031 1450 terram
1047 1381 1152 1452 etiam
1167 1391 1377 1476 prostratus,
1391 1386 1526 1467 orabat,

557 1488 825 1582 deprecabatur,
842 1491 1109 1573 obtestabatur,
1127 1515 1234 1564 onere
1246 1494 1470 1565 liberaretur.
1490 1501 1528 1565 ln

556 1603 1529 1698 simpliciquoquereligiososlatu,paratumdioecesiisti

556 1715 763 1784 allaborare.
774 1715 1007 1807 amplitudini
1020 1717 1099 1808 ipsi,
1114 1724 1153 1787 ut
1162 1718 1344 1811 imparem,
1355 1720 1526 1812 ineptum,

558 1827 1530 1920 indignum,nonsulfecturum.Necconccrtationisfinis

557 1949 661 2022 esset,
677 1941 745 2010 nisi
754 1941 917 2011 Rutscius
927 1941 1122 2038 intulisset:
1134 1943 1210 2014 lieri
1219 1945 1322 2014 aliter
1332 1967 1402 2014 non
1411 1967 1526 2038 posse;

557 2056 815 2148 obsequeretur
829 2054 885 2123 cui
906 2077 1102 2124 necessum.
1126 2061 1214 2124 Tum
1239 2041 1395 2149 primum
1412 2058 1531 2127 conti-

557 2165 648 2245 cuit,
667 2165 880 2256 profundum
897 2169 1015 2236 tamen
1028 2165 1207 2235 desertum
1224 2172 1343 2236 mente
1363 2166 1526 2259 agitavit,

560 2277 629 2347 nisi
648 2277 792 2369 quidam
808 2276 1053 2368 religiosorum
1072 2279 1207 2348 ordinis
1228 2279 1364 2360 nostri,
1390 2279 1531 2371 potissi-

559 2412 654 2459 mum
669 2411 752 2460 vero
766 2389 972 2461 Valentinus
991 2390 1192 2472 Fabricius,
1215 2391 1400 2462 societatis
1424 2396 1525 2471 lesu,

558 2501 714 2572 animum
733 2501 810 2593 ejus
825 2501 1032 2572 erexissent.
1048 2506 1085 2571 ln
1100 2501 1371 2594 congregatione
1388 2503 1529 2571 tandem

560 2614 739 2684 unitorum
778 2612 1023 2706 religiosorum
1052 2613 1166 2705 prima
1194 2613 1525 2705 Novogrodovitiis,

558 2725 727 2818 praelatus
742 2723 915 2816 imprimis
930 2724 1049 2817 aliqua
1063 2724 1226 2795 Rutscius
1242 2777 1252 2805 ,
1269 2724 1408 2816 regium
1427 2729 1530 2794 losa-

558 2838 666 2930 phato
687 2856 752 2928 pro
771 2835 1074 2927 archiepiscopatu
1095 2835 1190 2905 dicto
1214 2835 1437 2929 privilegium
1452 2857 1529 2927 por-

558 2948 651 3041 rigit.
669 2951 743 3016 Non
754 2946 855 3038 prius
869 2947 928 3017 ille
945 2947 1125 3039 accipere,
1143 2968 1249 3039 quam
1263 2947 1391 3017 iterato
1412 2947 1455 3016 ad
1473 2969 1530 3038 ge
1625 2968 1626 2977 ¹

558 3086 628 3135 nua
639 3064 841 3157 procidere,
859 3064 1059 3156 deprecari,
1078 3069 1114 3133 et
1126 3063 1228 3156 quasi
1237 3064 1281 3134 de
1294 3083 1433 3131 summa
1447 3062 1526 3131 vitae

558 3179 733 3266 ageretur,
752 3173 956 3266 lacrymari,
972 3195 1016 3245 nc
1031 3180 1130 3243 tanto
1148 3174 1330 3267 dignitatis
1345 3194 1528 3265 premere-
1625 3178 1626 3181 ’

558 3290 616 3354 tur
631 3286 798 3379 pondere.
815 3283 949 3353 Divinae
963 3283 1079 3354 aiebat
1092 3284 1255 3354 Rutscius
1269 3283 1391 3376 gloriae
1408 3282 1529 3373 ampli·
1625 3354 1626 3375 ,

560 3396 659 3464 andae
673 3395 852 3487 expedire,
870 3401 911 3463 ut
923 3417 1003 3466 eum
1019 3396 1271 3464 conscenderet
1283 3393 1449 3485 gradum3
1465 3415 1529 3460 nec

559 3504 1529 3598 ullaidunquammutandumratione.Tumllensacce-
1625 3548 1626 3555 .

558 3617 622 3710 pit.
631 3619 759 3688 Omnes
773 3639 859 3686 vero
870 3621 941 3686 Deo
952 3638 1055 3708 egere
1066 3625 1199 3708 grates,
1210 3617 1322 3685 multo
1332 3615 1528 3684 eminentes

556 3730 686 3800 fructui
702 3751 784 3800 cum
798 3729 871 3798 illic
883 3727 1007 3798 Unioni
1020 3729 1192 3798 futurum.
1209 3731 1287 3820 lpse
1301 3733 1421 3796 tamen
1434 3747 1528 3796 cum-

556 3844 636 3913 dem
652 3842 798 3911 vilitatis
815 3861 888 3910 suae
900 3861 1044 3910 sensum
1057 3841 1191 3920 tenuit,
1208 3846 1243 3909 et
1256 3839 1438 3908 multoties
1452 3844 1529 3906 sta-

556 3960 629 4022 tum
644 3954 834 4046 deplorans
849 3973 971 4033 suum,
991 3958 1211 4021 sacramento
1226 3973 1263 4020 se
1278 3948 1480 4029 obstrinxit,
1499 3949 1527 4016 si

552 4065 714 4138 Meletius
736 4063 944 4134 Smotricius
961 4061 1037 4156 (qui
1059 4062 1164 4132 morti
1186 4062 1265 4153 ejus
1282 4060 1380 4131 dedit
1393 4063 1530 4149 ansam)
