3259 5484
430 790 632 859 -137-

64 949 104 1017 sis
114 950 180 1019 illic
203 952 395 1032 nonnulliS,
412 973 605 1044 paucorum
629 951 815 1019 animabus
839 952 1017 1021 unitorum

63 1062 308 1144 inservientem,
326 1064 427 1142 accit,
443 1068 678 1155 oratque,l)eo
689 1071 726 1133 et
737 1063 882 1155 ruartyri
894 1064 1020 1132 cucha-

63 1179 205 1248 risticum
234 1183 366 1251 taceret
393 1180 614 1250 sacrificium.
644 1179 705 1247 Cui
732 1166 1016 1257 auscultaturus

63 1293 205 1382 puellum
220 1295 264 1363 ad
278 1293 460 1362 ecclesiam
483 1293 593 1361 sancti
610 1292 761 1383 Spiritus
774 1290 825 1380 (in
845 1312 914 1382 qua
930 1289 1019 1358 uniti

62 1406 156 1475 exiles
182 1406 422 1493 celebrabant)
442 1405 570 1496 gestari
596 1403 768 1496 praeoipit.
791 1406 1018 1493 Quacumque
1050 1427 1054 1438 ·

62 1540 131 1585 vero
145 1517 359 1610 gestabatur,
378 1540 520 1585 manum
537 1518 579 1586 ad
601 1538 743 1584 manum
760 1514 921 1596 allidens,
937 1514 1019 1582 olle-

63 1629 122 1694 luio
136 1628 325 1697 identidem
348 1627 571 1695 inclamabat.
588 1630 624 1695 ln
645 1626 791 1695 ecclesia
806 1624 1016 1693 sacrificanti

64 1743 127 1805 toto
160 1745 316 1830 temporo
353 1737 603 1816 mirabundus,
639 1736 803 1804 manibus
834 1734 1017 1827 oculisque

65 1850 276 1940 compositus,
295 1851 497 1918 acdevotus
513 1848 660 1919 adstitit.

100 1966 148 2034 96.
173 1972 365 2037 incesserat
381 1968 447 2036 sub
463 1967 554 2036 idem
573 1973 713 2060 tempus
735 1966 874 2035 Lublini
904 1964 1020 2056 pesti·
1059 1964 1152 2020 Arm
1167 1964 1275 2007 ΗΜ*-

63 2080 127 2147 fera
140 2082 215 2155 lues,
228 2081 410 2171 cujusdam
433 2080 587 2149 aurificis
611 2082 766 2158 domum,
798 2078 859 2169 qui
888 2077 1020 2168 implo-

62 2195 363 2281 ratamamartyre,
382 2190 485 2259 citius
498 2213 604 2282 quam
621 2191 777 2282 optabat,
795 2189 970 2259 universis
984 2188 1019 2255 in

62 2300 151 2369 domo
166 2301 319 2370 obtinuit
335 2302 455 2381 vitam,
473 2308 625 2393 votoque
652 2302 729 2392 ejus
748 2300 840 2369 iconi
851 2305 1018 2391 argenteo

62 2419 263 2483 contestatus
278 2418 343 2482 est.

98 2531 145 2600 87.
170 2534 328 2603 Nobilem
343 2535 530 2625 quemdam
546 2539 582 2603 et
595 2532 742 2602 militem
753 2533 923 2601 Polonum
939 2536 1019 2599 Tar·
1054 2554 1170 2609 capulus.
1180 2554 1280 2602 ranan.

63 2644 116 2710 tari
135 2646 364 2738 captivavere.
385 2646 446 2714 llle
469 2645 617 2714 summis
637 2643 852 2737 captivitatis
874 2665 1019 2736 pressus

62 2758 232 2846 angustiiS,
257 2764 451 2848 martyrum
474 2759 640 2848 losaphat
665 2756 796 2849 saepius
817 2756 852 2823 in
875 2755 1019 2846 adjuto-

62 2865 137 2934 rium
152 2869 298 2938 vocavit.
317 2869 472 2950 Quadam
488 2891 572 2961 ergo
592 2875 694 2938 nocte
709 2891 787 2937 cum
806 2868 884 2936 aliis
902 2867 1019 2960 capti-

62 2976 105 3044 vis
127 2986 387 3060 concatenatus,
412 2980 545 3072 pedicis
572 2980 607 3047 in
630 2980 765 3059 terreis,
796 2987 890 3049 terra
913 3001 1019 3069 super

63 3089 270 3170 decumbens,
293 3094 392 3160 etad
417 3101 607 3183 martyrem
629 3115 745 3172 orans,
768 3092 851 3184 vigil
870 3099 907 3160 et
921 3112 1019 3183 prae-

63 3220 138 3281 sens,
156 3225 342 3295 personam
359 3203 480 3271 babitu
496 3225 610 3295 graeco
632 3204 795 3272 vestitam
812 3200 1015 3294 episcopali,

63 3307 214 3405 incapite
236 3314 457 3382 vulneratam
479 3313 670 3406 conspicit,
701 3314 870 3404 auditque
894 3312 1019 3381 dioen-

64 3427 131 3499 tem,
156 3430 328 3515 surgeret,
355 3447 395 3493 oc
422 3426 570 3516 fugeret.
595 3428 639 3494 At
658 3426 728 3505 ille,
747 3446 900 3517 quonam
915 3424 1019 3492 modo
1046 3406 1293 3511 mammaeam

63 3543 270 3605 surrecturus
284 3548 346 3605 aut
360 3537 537 3628 fugiturus
550 3544 655 3617 esset,
673 3558 845 3606 cumeum
859 3536 1016 3626 ligatum,
1073 3516 1291 3623 fifflss‘wmm

63 3648 250 3738 caternsque
271 3652 307 3715 et
326 3648 556 3740 compedibus
580 3653 764 3718 oneratum
790 3648 1020 3715 intueretur?

63 3755 134 3822 Tum
144 3762 271 3827 Beatus
281 3759 419 3827 elevato
429 3760 596 3851 pastorali
609 3761 821 3829 ferramenta
832 3758 1016 3850 percussit,

64 3867 236 3961 statimque
266 3872 462 3940 concidere.
489 3876 530 3939 Et
556 3872 616 3951 ait,
644 3894 738 3940 nunc
755 3872 829 3962 jam
854 3871 1017 3950 liberum,

62 3980 256 4051 acceleraret
279 3982 410 4073 fugam.
434 3982 569 4065 Quibus
593 3983 709 4064 dictio,
727 3982 915 4074 disparuit.
943 3987 1020 4074 lpse

63 4091 211 4174 gaudium
239 4093 332 4161 inter
358 4100 395 4162 et
415 4094 685 4185 trepidationem
713 4094 861 4188 positus,
888 4092 1019 4185 surgit,

65 4197 219 4297 fugitque.
252 4211 660 4297 Insequenteslartaros
686 4207 722 4276 in
749 4206 803 4276 via
827 4205 1021 4299 procedens
1049 4216 1292 4275 regratiamur.
