3259 5484
960 709 1161 781 -202-

573 870 613 933 ad
627 870 800 953 panticiem
815 888 895 933 verae
918 868 1078 949 religionis
1100 868 1252 941 imbutus
1276 869 1476 931 Poloceusem
1495 888 1549 930 an·

572 974 701 1036 tistitem
717 972 918 1055 impudenter
932 990 1052 1051 agens,
1075 972 1211 1035 alienam
1230 972 1381 1035 ditionem
1402 972 1547 1049 invadit,

573 1074 702 1137 sincerae
716 1073 789 1136 lidei
803 1074 911 1135 lumen
928 1073 960 1135 in
971 1074 1117 1135 omnium
1131 1072 1245 1135 animis
1259 1074 1440 1153 extinguere
1453 1092 1549 1137 cona·
1622 1092 1623 1121 l

572 1184 644 1250 tur,
658 1186 690 1238 et
698 1175 842 1238 subdolis
856 1175 959 1237 verbis
971 1184 1101 1238 cunctos
1113 1174 1153 1237 ad
1167 1174 1374 1239 delectionem
1389 1178 1548 1240 sollicitat.
1622 1178 1623 1257 j

572 1279 778 1342 concurritur
792 1280 870 1353 late,
888 1288 919 1342 et
933 1278 1023 1343 sacile
1042 1280 1212 1343 convolant
1227 1300 1401 1343 numerosae
1418 1290 1551 1345 catervae

572 1379 735 1461 subsigna
749 1379 840 1443 ducis
853 1388 917 1443 tam
932 1380 1095 1461 insigniter
1110 1380 1257 1462 improbi.
1275 1382 1423 1463 Perceptu
1437 1382 1499 1444 hac
1512 1382 1550 1445 de
1622 1410 1623 1433 1

572 1501 606 1545 re
629 1482 760 1556 nuntio,
778 1482 948 1564 Iosophat,
972 1483 1027 1564 qui
1049 1501 1067 1544 a
1093 1484 1221 1566 publica
1244 1492 1391 1545 evocatus
1416 1483 1549 1546 utilitate

572 1586 665 1665 longe
677 1584 802 1660 aberat,
818 1584 946 1648 advolat
957 1586 1126 1667 extemplo,
1142 1584 1236 1647 urbes
1249 1602 1285 1646 ao
1303 1602 1399 1666 pagos
1417 1584 1547 1659 invadit,

573 1686 678 1768 lapsos
689 1686 790 1767 erigit,
802 1696 943 1749 errantes
953 1686 1166 1769 reprehendit,
1178 1685 1333 1748 furentem
1345 1686 1470 1749 bostem
1484 1687 1551 1749 sub

572 1797 700 1859 movet,
716 1789 916 1870 scelestaque
939 1787 1121 1851 defectionis
1144 1788 1278 1869 hydram
1297 1788 1329 1849 in
1349 1788 1453 1871 capita
1478 1808 1550 1852 suc·
1622 1788 1623 1871 Ῑ

571 1891 738 1953 crescentis
748 1889 847 1953 divini
863 1891 979 1953 amoris
987 1889 1108 1953 facibus
1118 1898 1287 1972 expugnat.
1301 1889 1362 1953 Sed
1373 1890 1476 1973 major
1486 1900 1553 1955 erat

573 1994 826 2058 adversariorum
839 1993 987 2068 audacia,
1001 2013 1098 2076 quam
1113 2002 1148 2057 ut
1162 1994 1387 2057 benevolentiae
1401 1994 1552 2074 significa·
1622 1998 1623 2071 l

572 2096 714 2159 tionibus
725 2096 863 2170 deliniri,
880 2096 1041 2159 ardentior
1055 2096 1139 2170 sitis,
1155 2114 1253 2177 quam
1267 2103 1303 2159 ut
1313 2096 1391 2157 citra
1406 2115 1551 2161 cruorem

573 2200 681 2265 satiari
696 2208 809 2285 posset.

612 2320 695 2399 Ergo
704 2320 886 2382 Vitebscum
897 2318 1007 2381 urbem
1018 2318 1551 2400 invisentompastoremcomposito

573 2420 613 2483 ad
628 2421 819 2483 hilaritatem
831 2421 921 2484 vultu
936 2420 1098 2503 excipiunt
1111 2420 1204 2493 cives,
1223 2427 1332 2500 etque
1348 2418 1460 2480 fallant
1473 2437 1550 2480 cau-

573 2523 653 2596 tius,
670 2524 882 2585 maximarum
893 2542 965 2604 quae
979 2522 1060 2585 inter
1074 2522 1159 2604 ipsos
1173 2521 1395 2594 vertebantur,
1413 2520 1551 2581 simulta-

573 2633 642 2688 tum
665 2625 821 2687 arbitrum
844 2642 918 2687 eum
932 2624 1138 2687 constituunt.
1160 2623 1353 2705 Tumspecie
1366 2620 1550 2685 liberandie
1622 2636 1623 2701 ξ

574 2726 711 2789 vinculis
721 2725 923 2810 perditissimi
940 2726 1094 2799 hominis,
1106 2745 1202 2809 quem
1221 2726 1280 2808 ipsi
1297 2726 1330 2786 in
1344 2743 1439 2787 omne
1451 2724 1549 2785 scelus
1622 2748 1623 2753 ¹

572 2837 781 2903 armaverant,
794 2847 916 2891 sacram
926 2828 1047 2891 curiam
1062 2828 1226 2904 invadunt,
1242 2828 1416 2911 populique
1430 2826 1548 2889 rabiem

576 2934 615 2997 ad
633 2952 774 3015 pugnam
800 2943 928 2997 acuunt.
953 2933 1105 3015 losaphat
1125 2950 1248 3015 semper
1269 2931 1547 3001 clementissimus,
1622 2916 1623 2983 l

574 3036 720 3119 praesenti
730 3036 877 3117 quamvis
890 3034 1082 3098 famulorum
1097 3054 1194 3118 opera
1208 3033 1398 3098 furibundos
1412 3032 1549 3095 hostium
1622 3094 1623 3119 ,

574 3138 745 3221 reprimere
754 3147 859 3219 posset
872 3139 1016 3219 spiritus,
1031 3139 1118 3200 omni
1134 3148 1240 3200 tamen
1265 3137 1379 3199 bellico
1398 3142 1549 3219 apparatu
1622 3198 1623 3229 ,

570 3240 662 3321 jubet
674 3257 781 3301 servos
796 3239 972 3312 abstinere,
990 3259 1030 3301 ne
1045 3258 1154 3322 parem
1167 3239 1385 3303 crudelitatem
1403 3238 1547 3301 adversa·
1622 3272 1623 3325 p

573 3341 693 3403 riorum
709 3340 830 3402 invasio
843 3342 1058 3403 scelestissima
1074 3348 1105 3403 et
1113 3341 1198 3422 justa
1207 3340 1347 3403 defensio
1357 3360 1420 3421 pum
1431 3358 1462 3401 se
1472 3338 1548 3401 ferre
1622 3340 1623 3393 l

574 3443 751 3506 videantur.
766 3442 827 3505 Sed
841 3442 925 3505 bona
940 3444 1172 3525 archipraesulis
1186 3443 1307 3505 imloles
1322 3444 1423 3506 malos
1434 3440 1549 3504 invenit
1622 3452 1623 3455 ’

575 3566 639 3609 suae
652 3546 856 3625 benignitatis
868 3547 1067 3629 interpretes,
1085 3548 1142 3629 qui
1154 3555 1219 3610 toto
1234 3547 1340 3609 statim
1354 3547 1437 3609 bello
1451 3562 1548 3608 sacras
1622 3568 1623 3618 l

575 3648 656 3710 aedes
666 3646 838 3721 invadunt,
856 3647 1059 3729 refractisque
1073 3668 1130 3730 per
1139 3649 1204 3710 vim
1218 3658 1383 3731 portarurn
1397 3644 1544 3716 claustris,

577 3751 762 3831 irrumpunt
782 3749 814 3809 in
841 3750 975 3824 curiam,
998 3760 1029 3811 et
1043 3750 1165 3829 gladios
1185 3750 1306 3812 domini
1330 3750 1456 3812 taudem
1470 3748 1547 3809 latus

574 3849 776 3912 confossuros
790 3851 998 3931 experiuntur
1012 3852 1043 3911 in
1061 3852 1168 3913 servis.

616 3962 743 4024 luterim
757 3962 983 4039 Kuucevicius,
999 3966 1055 4046 qui
1077 3966 1263 4047 provolutus
1279 3967 1311 4026 in
1332 3984 1433 4045 genua
1459 3960 1545 4025 sacris

576 4085 609 4127 se
623 4064 773 4147 precibus
787 4067 961 4141 munierat,
976 4068 1163 4148 propinquae
1177 4068 1290 4130 mortis
1306 4087 1443 4142 securus,
1459 4081 1547 4127 econ-

577 4168 657 4231 clavi
687 4168 912 4249 progrediens,
932 4188 996 4231 non
1019 4168 1136 4232 feroces
1157 4170 1252 4233 modo
1273 4170 1468 4252 perduelles,
1497 4162 1545 4227 sed
1622 4154 1623 4175 *
