3259 5484
995 727 1171 796 -26-

590 884 779 975 primatum
806 886 885 976 ejus
917 906 1098 966 summus,
1130 885 1340 957 liberalitate
1368 909 1432 956 sna
1453 889 1572 958 aedem

590 1017 724 1065 sacram
740 1004 776 1066 ct
791 997 1044 1066 monasterium
1057 998 1219 1081 ditarint.
1236 999 1369 1070 Exinde
1389 1000 1491 1070 locus
1512 1001 1572 1070 hic

589 1114 719 1184 sensim
731 1113 911 1185 miraculis
921 1115 1149 1208 amplissimis
1162 1138 1320 1188 erescere
1334 1117 1453 1210 coepit,
1471 1124 1515 1186 ut
1527 1120 1571 1187 ad

589 1225 732 1316 triginta
746 1226 888 1305 mortui,
902 1247 1149 1296 rememorem
1166 1226 1246 1308 alia,
1266 1228 1400 1321 potenti
1412 1229 1570 1322 Virginis

591 1335 685 1426 apud
705 1333 927 1426 majestatem
942 1335 1096 1404 divinam
1111 1357 1217 1404 mann
1240 1336 1400 1406 suscitati
1418 1337 1567 1408 luerint.

330 1463 454 1507 emarcum
464 1465 548 1536 atum
588 1448 649 1515 llic
665 1447 770 1516 etiam
784 1449 953 1539 losaphat
966 1448 1155 1540 plerosquo
1169 1447 1325 1527 nobiles,
1342 1470 1363 1518 e
1376 1450 1568 1519 schismate

384 1531 493 1572 ”mm
588 1559 625 1627 iu
651 1557 813 1628 baeresim
835 1558 1038 1650 prolapsos,
1061 1556 1290 1627 concionibus
1318 1564 1354 1628 et
1373 1558 1473 1628 suavi
1494 1580 1568 1628 ser·

590 1689 733 1739 monum
749 1668 933 1748 comitate,
951 1673 1027 1737 turn
1043 1668 1086 1737 ad
1101 1667 1207 1737 ritum
1235 1668 1405 1750 latinum,
1430 1684 1506 1739 tum
1523 1671 1565 1738 ad

587 1803 739 1874 graecum
769 1781 982 1850 catholicum
1007 1781 1160 1850 reduxit.
1193 1785 1286 1864 Quos
1325 1781 1419 1852 inter
1444 1781 1566 1851 Soltan

587 1896 789 1988 quemdam,
807 1892 1017 1963 acerrimum
1034 1915 1078 1962 ex
1095 1891 1257 1962 Rutbeno
1280 1891 1486 1963 haeretieum
1501 1945 1512 1972 ,
1530 1892 1567 1960 in

589 2009 749 2102 proxima
764 2006 970 2076 monasterii
994 2006 1091 2098 sylva
1111 2026 1230 2074 secum
1244 2010 1507 2075 concertantem
1533 2012 1567 2074 et

587 2117 827 2212 blasphemias
848 2126 1089 2198 eructantem,
1118 2117 1179 2186 Dei
1204 2126 1415 2210 cooperante
1435 2117 1564 2209 digitu,

589 2255 669 2304 eum
693 2234 729 2303 in
758 2234 901 2302 modum
923 2230 1095 2300 emollivit
1117 2230 1357 2322 convicitque,
1379 2237 1420 2300 ut
1434 2230 1566 2300 ibidem

590 2347 754 2439 lacrymis
791 2345 943 2425 obortis,
978 2343 1159 2436 Josaphati
1181 2344 1333 2437 pedibus
1360 2344 1564 2424 advolutus,

590 2460 844 2549 consessusque
862 2458 905 2527 ad
925 2455 1098 2548 gremium
1119 2453 1285 2524 Ecclesiae
1302 2454 1485 2524 catholicae
1504 2475 1568 2524 re-
1623 2514 1624 2555 3

590 2569 707 2638 dierit.

338 2705 542 2780 sumamma·
634 2685 715 2750 Post
725 2679 862 2749 obitum
873 2678 1147 2770 metropolitani,
1160 2678 1334 2769 losephns
1348 2676 1515 2746 llutscius
1527 2678 1568 2746 ad

384 2768 498 2812 v¹¹”⁸¹¹'¹'‘
591 2814 672 2861 eum
688 2791 1016 2890 aseenditgradum.
1031 2793 1115 2859 Cum
1128 2811 1212 2860 vero
1224 2789 1381 2882 regimen
1393 2789 1570 2860 Vilneusis

591 2904 794 2974 monasterii
818 2909 977 2983 vacaret,
1003 2904 1047 2972 ad
1072 2903 1160 2972 illud
1186 2903 1395 2973 sumendum
1418 2902 1569 2972 invitum

591 3019 819 3108 losaphatum
843 3016 1016 3106 losephus
1030 3015 1156 3107 coegit.
1175 3015 1273 3096 Quod
1293 3015 1329 3082 in
1349 3036 1481 3083 annum
1499 3038 1570 3083 res·

593 3135 742 3197 tauratae
754 3129 879 3196 salutis
890 3126 1154 3196 bumanaelbll
1165 3126 1299 3196 incidit.
1310 3125 1473 3196 Cruentis
1485 3149 1569 3196 sane

591 3240 734 3334 losephi
748 3246 784 3309 et
797 3240 977 3332 losaphati
997 3239 1202 3320 sudoribus,
1225 3239 1282 3308 hic
1295 3239 1393 3308 locus
1406 3240 1510 3332 longe
1523 3240 1570 3308 vi-

592 3353 635 3420 lis
664 3358 700 3421 et
723 3372 878 3443 pauper,
905 3371 1064 3420 crescere
1086 3350 1259 3430 aediliciis,
1282 3349 1467 3430 censibus,
1490 3351 1569 3420 reli·
1621 3408 1622 3451 ,

592 3463 716 3556 gineis,
735 3462 845 3531 sacris
859 3461 1093 3540 ornamentis,
1108 3461 1181 3553 jam
1197 3468 1300 3530 antea
1316 3467 1489 3553 coeperat3
1509 3485 1571 3530 as-

593 3595 737 3644 sumens
756 3595 841 3642 vero
865 3572 942 3664 ejus
963 3572 1243 3664 gubernaculum
1261 3572 1446 3664 losaphat,
1466 3571 1568 3664 longe

592 3684 748 3755 adauxit.
776 3687 819 3752 nt
846 3683 930 3776 quia
948 3683 985 3752 id
1003 3682 1246 3775 tempestatis,
1273 3682 1423 3774 juvenes
1447 3704 1569 3752 omncs

592 3795 747 3889 religiosi
766 3796 883 3875 luere,
908 3795 1026 3864 omnia
1051 3795 1125 3865 fere
1145 3817 1238 3864 unus
1252 3795 1373 3865 munia
1391 3797 1466 3867 suis
1485 3821 1569 3867 sus·
1620 3872 1621 3877 ,

593 3908 688 4000 cepit
708 3907 891 3976 humeris:
912 3906 1091 3999 superior,
1119 3905 1289 3992 vicarius,
1313 3913 1476 3998 tyronum
1498 3932 1569 3977 ma·

320 4056 370 4112 Ei„
384 4055 466 4099 1,1,„„
485 4057 506 4099 1,
524 4057 564 4100 h„
592 4021 721 4113 gister,
749 4020 992 4100 ecclesiastes,
1031 4018 1306 4112 paterfamilias,
1339 4043 1563 4104 mconomus3

409 4123 473 4163 Μ’·
591 4141 832 4227 praeterquam
853 4136 949 4226 qnod
963 4134 1118 4204 excitare
1132 4134 1275 4214 fratres
1294 4133 1485 4227 lumenque
1498 4138 1567 4207 illis
