3259 5484
341 935 415 979 Morbo
431 938 498 991 gravi,

309 1618 397 1662 dacarmi
406 1621 540 1665 inundatione

366 1682 473 1732 monis,

317 2154 398 2197 afluxu
417 2156 525 2209 unguinis

316 2214 520 2259 biennuriumur.

299 2501 384 2545 Pelori·
402 2503 499 2546 aSuoeis
512 2505 542 2547 li·

375 2564 468 2608 untur.

298 3494 425 3549 uesperam·
433 3498 541 3538 convales-

403 3558 440 3599 cit.

965 764 1168 835 -120-

622 919 677 987 l'l.
703 917 1161 1011 Optatusatlranasovicius,
1182 917 1262 987 civis
1281 917 1487 999 Polocensis‚
1500 942 1537 987 ex

576 1030 699 1099 morbo
711 1030 808 1123 gravi
830 1052 893 1122 per
907 1030 1041 1122 aliquot
1057 1031 1311 1109 hebdomades,
1330 1053 1373 1100 ne
1398 1031 1484 1100 lecto
1506 1052 1537 1099 se

575 1141 685 1209 movit
720 1164 728 1209 :
763 1141 797 1209 in
828 1140 944 1233 vigilia
969 1141 1198 1211 anniversarii
1220 1141 1344 1212 mortis
1369 1141 1535 1234 iosaphati

574 1275 666 1322 anno
682 1253 780 1333 laur,
797 1254 883 1321 dum
896 1276 933 1323 se
953 1264 1033 1321 voto
1053 1251 1187 1322 visendi
1203 1251 1392 1344 obstringit
1406 1252 1480 1343 ejus
1493 1273 1537 1320 se·

575 1366 705 1457 pulcri,
728 1366 775 1435 ita
792 1366 1030 1446 'convalescit,
1061 1374 1100 1435 ut
1120 1366 1154 1435 in
1179 1364 1371 1434 crastinum
1397 1364 1439 1433 ad
1459 1363 1536 1431 illud

574 1477 734 1556 veniens,
760 1478 1041 1547 communicarit.

617 1586 672 1656 48.
698 1592 850 1657 loannes
871 1590 1029 1669 Andreae,
1057 1588 1177 1658 itidem
1201 1589 1411 1668 Polocensis,
1437 1610 1536 1656 annos

573 1702 694 1771 (lacem
710 1726 730 1771 a
746 1709 885 1795 spectro
900 1709 1071 1772 nocturno
1086 1726 1149 1795 per
1163 1703 1330 1773 veneficia
1345 1703 1533 1779 infestatus,

573 1813 608 1881 in
624 1814 865 1905 gravissimam
882 1813 1005 1883 incidit
1019 1813 1294 1884 invaletudinem
1314 1837 1321 1881 :
1346 1814 1408 1881 sed
1429 1812 1535 1881 oblata

572 1924 627 1993 sui
643 1946 743 1993 cerea
759 1926 801 1993 ad
818 1926 1019 2016 sepulcrum
1032 1926 1199 2017 iosaphat
1213 1925 1375 2017 imagine,
1396 1932 1434 1993 ut.
1456 1923 1537 1993 sani-

572 2043 680 2103 tatem
701 2036 852 2128 recepit,
869 2036 919 2106 sic
932 2036 1061 2128 spectri
1080 2043 1232 2105 terrores
1245 2037 1373 2128 abegit.

614 2145 669 2214 49.
698 2147 828 2215 llelena
844 2146 1007 2216 similiter
1021 2148 1197 2239 Nagorska
1214 2201 1222 2227 ,
1239 2168 1258 2216 e
1278 2147 1414 2216 Polocia
1436 2147 1532 2224 civis,

574 2259 706 2327 fluxum
725 2259 905 2352 sanguinis
918 2260 1057 2328 duobus
1071 2280 1238 2351 perpessa
1254 2258 1375 2338 annia,
1398 2260 1479 2327 dum
1498 2258 1533 2325 ad

571 2372 636 2440 viri
648 2372 709 2441 Dei
725 2372 927 2463 sepulcrum
941 2378 1038 2451 crat,
1058 2378 1213 2441 sanatur.

615 2490 670 2560 50.
688 2492 817 2560 Eodem
833 2512 924 2563 auno
939 2491 1081 2560 Livouia
1106 2498 1143 2560 et
1156 2490 1342 2559 Curlandia
1356 2489 1533 2582 provinciis

570 2602 775 2693 occupatis,
799 2602 933 2694 absque
958 2608 1053 2671 metu
1084 2603 1153 2671 late
1188 2603 1362 2693 longeque
1391 2601 1534 2693 popula·

571 2715 680 2785 bundi
704 2738 893 2787 excurrere
925 2715 1038 2785 Sueci.
1068 2720 1215 2807 Jamque
1249 2714 1397 2785 Polociae
1423 2712 1533 2781 immi-

571 2833 719 2906 nentes,
743 2850 812 2896 non
829 2827 1048 2897 obsidionem
1061 2828 1233 2897 duntaxat
1251 2828 1335 2920 ipsi,
1355 2829 1416 2896 sed
1437 2826 1531 2895 etiam

570 2937 745 3006 excidium
754 2937 1338 3030 minitati.lgiturPolocensesvota
1349 2940 1392 3007 ad
1403 2956 1532 3007 seruum
1612 2960 1613 2977 i

568 3048 632 3116 Dei
646 3050 813 3140 Josaphat
838 3049 1033 3140 concipere,
1062 3050 1261 3142 sepulcrum
1286 3049 1418 3128 visere,
1437 3046 1533 3117 auxi-

570 3159 656 3227 lium
672 3160 749 3251 ejus
765 3161 966 3252 implorare.
989 3165 1057 3230 Nec
1080 3162 1256 3243 frustrati;
1283 3169 1437 3254 martyre
1462 3182 1532 3230 me-

569 3269 716 3349 diatore,
734 3272 835 3339 Sueci
852 3271 970 3340 nescio
983 3272 1069 3364 quid
1085 3272 1228 3347 turbati,
1245 3280 1320 3341 esto
1334 3272 1412 3342 urbi
1432 3274 1531 3342 ferma
1593 3312 1612 3367 -ἶ

569 3380 798 3460 inhaererent,
817 3384 929 3452 aversi
943 3406 1093 3476 propere
1107 3384 1139 3451 in
1157 3406 1220 3452 sua
1233 3384 1381 3453 rediere.

612 3493 667 3560 51.
694 3494 825 3564 Helena
857 3496 1057 3576 Gosievska,
1088 3496 1257 3589 principis
1290 3497 1469 3589 Sanguscii
1494 3498 1530 3567 dr

533 3654 538 3664 ι
568 3612 691 3690 Kovel,
708 3611 855 3703 palatini
869 3612 1106 3683 Vitebscensis
1125 3615 1264 3704 conjux,
1289 3615 1465 3692 maritum,
1483 3614 1531 3680 lr-

295 4093 359 4137 Variu
367 4095 484 4149 patrocinia
497 4109 538 4140 ox-

357 4157 475 4211 pariuntur.

568 3721 710 3790 thaliter
727 3744 880 3813 aegrum,
900 3746 919 3791 a
940 3724 1084 3792 medicis
1101 3724 1323 3806 derelictum,
1352 3734 1431 3795 voto
1451 3747 1532 3794 cou-

567 3842 680 3924 cepto,
699 3839 735 3903 et
749 3835 921 3926 promissa
932 3842 1097 3927 argentea
1111 3837 1251 3918 tabella,
1264 3838 1362 3909 brevi
1374 3837 1531 3931 temporis

569 3943 796 4014 inclinatione
814 3946 1026 4015 ineolumem
1043 3946 1183 4016 intuita.

608 4065 663 4133 52.
690 4066 887 4137 Alexander
913 4067 1083 4136 Corvinus
1115 4068 1321 4149 Gosievslri‚
1362 4068 1530 4163 palatinus

566 4175 933 4259 Smolenscensrs,'vir
947 4180 1171 4272 praecellens,
1188 4202 1266 4249 cum
1288 4203 1351 4249 sua
1378 4186 1530 4251 consorte
