3259 5484
929 726 1130 797 -loa-

346 962 353 971 ,
458 962 464 969 ,
502 888 698 983 ,servilia
725 886 828 956 Curia
844 886 1139 955 subverteretur:
1170 884 1285 953 nolam
1309 884 1352 952 ad
1374 884 1506 954 ciendos

290 996 312 1035 ”³
327 984 374 1069 ³-ss
442 1057 446 1063 .
523 986 724 1068 :muca-non
741 997 924 1066 haberent.
942 995 1177 1063 Ecclesiarum
1192 995 1351 1064 omniurn
1371 1017 1508 1087 campa-

246 1146 262 1193 3
283 1145 292 1189 3
308 1140 316 1156 ·
330 1136 357 1209 ··
425 1135 514 1202 'af-'e
526 1136 533 1174 :
545 1129 596 1176 nae
612 1092 884 1175 armamentario
897 1105 1132 1186 inlerrentur;
1149 1127 1167 1173 e
1183 1104 1314 1195 quibus
1330 1126 1409 1172 cum
1426 1105 1504 1173 scitu

260 1216 268 1223 ’
380 1199 413 1249 ‘⁰³
508 1205 657 1295 ''luluri
682 1207 937 1316 archiepiscopi
963 1245 1134 1315 campana
1150 1223 1359 1292 funderetur
1379 1224 1502 1313 maJor,

306 3607 487 3662 Poennsacn'lcgi.

546 1338 753 1429 facinusque
793 1336 825 1405 ei
861 1335 1038 1428 parricidii
1074 1335 1329 1404 inscriberetur
1358 1360 1365 1403 :
1398 1344 1437 1404 ut
1470 1336 1505 1403 ad

545 1449 729 1519 ecelesiam
777 1447 1039 1527 cathedralem,
1073 1454 1220 1539 propter
1259 1469 1367 1538 quam
1407 1470 1506 1516 casus

546 1561 684 1654 praesul,
696 1580 852 1652 appensa
862 1559 989 1627 futurae
1003 1556 1201 1650 posteritati
1216 1580 1400 1649 poenarum
1414 1559 1507 1627 docu-

545 1682 703 1744 mentum
723 1674 816 1747 foret
836 1672 1060 1741 inflictarum.
1087 1672 1172 1742 Aliis
1194 1673 1353 1742 ecclesiis
1377 1696 1506 1766 campa-

546 1815 669 1862 narum
693 1791 895 1885 prohibitus
912 1814 1020 1860 usus:
1043 1814 1107 1860 nec
1126 1792 1431 1873 introduceretur,
1448 1792 1505 1859 nisi

546 1905 720 1997 permissu
742 1903 996 1996 archiepiscopi
1027 1904 1300 1996 metropolitani.
1328 1904 1506 1974 Ecclesiam

546 2017 705 2109 praesulis
740 2016 910 2108 sanguine
946 2022 1198 2108 purpuratam,
1228 2017 1321 2086 cives
1349 2018 1508 2110 impensis

546 2128 619 2196 suis
643 2128 804 2197 decoram
822 2132 1058 2197 exstruerent.
1077 2128 1224 2197 Discreti
1242 2126 1319 2196 insu
1325 2150 1389 2220 per
1405 2130 1453 2197 rei
1471 2128 1508 2195 ab

546 2238 813 2319 innocentibus3
831 2238 961 2329 quibus
975 2237 1166 2318 eliberatis,
1184 2238 1234 2307 rei
1251 2240 1505 2317 novemdecim,

546 2347 1509 2439 interquosduooonsulesVitebscenses,unusPolocen·

545 2460 605 2541 sis,
620 2459 687 2528 sub
702 2458 819 2551 gladio
830 2458 998 2527 cecidere.
1012 2462 1230 2550 Quamquam
1241 2460 1439 2529 communis
1449 2483 1508 2528 vox

545 2570 670 2664 uiginti
685 2576 837 2661 quatuor
851 2569 966 2660 capite
980 2568 1174 2638 diminutos
1189 2576 1324 2639 asserat
1342 2593 1349 2637 :
1367 2570 1508 2639 sortasse

544 2682 703 2776 quinque
717 2682 868 2774 profugi,
882 2687 962 2773 post
977 2681 1259 2751 commissionem
1280 2683 1425 2773 arrepti,
1441 2704 1509 2774 per-

549 2814 734 2863 cussorum
760 2792 795 2859 in
826 2791 1075 2862 commissione
1108 2799 1284 2861 auxerunt
1315 2814 1506 2862 numerum.

546 2905 685 2997 Profugi
705 2927 724 2973 e
747 2903 968 2985 carceribus,
986 2910 1023 2973 et
1050 2924 1140 2994 quos
1161 2925 1241 2973 reos
1264 2903 1397 2996 scripto
1425 2904 1509 2973 cives

546 3017 804 3111 porrexissent,
820 3038 899 3085 cum
914 3015 1051 3095 liberis,
1076 3014 1247 3084 uxoribus
1262 3022 1297 3083 et
1312 3015 1416 3083 bonis
1431 3036 1509 3107 pro-

547 3131 686 3224 scripti,
701 3128 924 3222 septuaginta
935 3134 1100 3221 quatuor.
1112 3128 1273 3198 Sontium
1283 3128 1437 3221 quisque
1451 3127 1509 3197 sub

546 3243 625 3323 alia,
641 3264 712 3311 non
725 3240 821 3333 regia
836 3245 1010 3332 potestate
1025 3238 1239 3331 degentium,
1256 3239 1298 3307 ad
1314 3261 1419 3307 suum
1431 3260 1510 3308 evo-

547 3357 688 3422 caretur
721 3351 855 3430 lorum,
886 3371 927 3418 ac
960 3348 1131 3441 condigne
1168 3349 1396 3439 plecteretur.
1433 3346 1510 3417 Aliis

546 3461 725 3531 miseratio
741 3482 927 3539 concessa,
945 3481 989 3529 ne
1006 3465 1080 3528 tota
1095 3458 1227 3550 periret
1239 3458 1375 3527 civitas.

591 3573 653 3643 Hic
666 3571 868 3641 meminisse
889 3570 1004 3639 visum
1023 3570 1116 3638 Petri
1132 3568 1339 3647 Vasilevicii,
1365 3567 1511 3637 consulis

546 3684 757 3757 Polocensis.
780 3688 930 3755 Venerat
942 3681 973 3751 is
988 3681 1202 3762 Vitebseum,
1222 3688 1260 3750 ut
1277 3683 1462 3751 consilium
1477 3703 1511 3748 ao

542 3796 710 3889 juvamen
726 3797 901 3889 praeberet
915 3798 1103 3878 accusatis,
1128 3808 1164 3868 et
1174 3798 1313 3889 judicia.
1322 3799 1511 3889 permisce-

546 3920 614 3979 ret.
630 3907 765 3977 (litatus
780 3907 927 4000 proinde
941 3910 1194 4001 confessusque
1219 3909 1367 3989 malum,
1392 3920 1432 3980 ut
1454 3908 1511 3979 Vi·

548 4020 771 4099 tebscenses,
793 4019 1021 4102 Polocenses,
1047 4023 1253 4102 Vilnenses,
1279 4022 1410 4116 aliique
1438 4043 1508 4092 oum

548 4130 728 4201 nobilibus
741 4131 836 4201 cives
846 4132 1031 4223 conjurati,
1047 4133 1138 4202 datis
1148 4133 1182 4201 in
1200 4133 1319 4203 album
1332 4153 1509 4203 commune
