3259 5484
464 731 643 808 -38,

74 897 263 970 animarum
283 921 290 966 :
305 897 465 968 viderent
486 919 593 988 quem
608 903 829 990 optaverant.
844 895 1038 966 Turmatim

77 1008 1042 1102 ultracentumconfluxere,imperiovelociorcs.Etpri·

76 1143 165 1189 mum
185 1121 440 1214 indignabundi
464 1120 679 1192 mussitare:
705 1126 744 1191 ut
767 1120 855 1212 quid
876 1120 1041 1190 venerit?

76 1232 156 1302 Dein
177 1233 368 1302 frementes
390 1231 597 1310 conviciari,
631 1237 671 1300 ut
701 1252 767 1301 nec
788 1230 925 1302 hiscere
946 1230 1045 1301 inte-

76 1367 172 1436 grum
184 1345 305 1427 fuerit3
325 1345 470 1438 insuper
482 1344 627 1414 violenti
642 1345 685 1414 ad
696 1366 822 1418 manus
837 1343 1019 1433 insurgere
1034 1365 1041 1411 :

76 1454 326 1535 dilaniaretur,
354 1453 597 1524 Boristhenem
622 1453 778 1536 biberet,
805 1455 911 1524 fanda
937 1460 1045 1546 atquc

75 1565 212 1635 infanda
236 1566 413 1659 proditor,
431 1572 628 1648 veterator,
646 1568 924 1638 orthodoxorum
951 1589 1047 1639 ever·

77 1700 146 1759 sor,
172 1678 322 1748 subiret.
349 1682 435 1748 Cum
464 1679 508 1748 ad
528 1678 630 1770 jussa
661 1678 872 1770 superioris,
903 1683 1046 1770 petente

75 1791 279 1882 meapham,
310 1801 349 1859 ut
379 1790 541 1871 silerent,
573 1791 858 1873 detumuissent,
896 1793 1046 1861 salutem

76 1901 248 1971 universis
265 1901 412 1971 comiter
437 1901 657 1994 impertitus,
686 1904 859 1973 adventus
875 1904 1047 1973 rationem

77 2013 272 2106 explicuit:
296 2021 335 2083 ut
358 2015 475 2083 locum
499 2021 692 2096 vetustate,
711 2016 898 2108 religione,
926 2017 1049 2088 sacris-

76 2146 142 2215 que
178 2124 264 2194 olim
295 2124 432 2194 exuviis
461 2125 658 2207 celebrem,
695 2126 850 2207 uideret,
886 2128 1045 2210 uenisse3

77 2236 259 2328 laetarique
288 2257 332 2305 ex
357 2242 454 2305 tanta
476 2237 719 2330 religiosorum
746 2238 858 2330 copia.
879 2242 948 2310 Nec
969 2261 1050 2308 ma-

78 2347 209 2415 chinari
225 2329 438 2439 ⁴quidpiam,
456 2370 536 2419 cum
557 2349 693 2419 nullum
714 2350 920 2420 comitatum
935 2351 1050 2422 intue-

77 2464 223 2539 rentur3
251 2458 311 2534 sed
333 2459 449 2526 fausta
473 2459 610 2550 precari
641 2459 770 2528 omnia.
799 2460 938 2529 Socium
963 2460 1049 2552 ipsis

77 2569 255 2650 futurum,
275 2569 303 2637 si
318 2569 397 2661 quis
412 2569 584 2639 eruditior
598 2571 758 2639 ueritatis
770 2571 838 2640 iter
853 2571 920 2640 sibi
935 2593 1051 2640 mons·

77 2686 204 2749 trasset
220 2679 418 2770 scripturae,
436 2685 595 2771 patrum,
614 2680 858 2773 librorumque
874 2682 1052 2752 ecclesias-
1076 2705 1231 2776 mumma
1242 2705 1321 2777 uin·

78 2789 228 2861 tinorum
245 2790 389 2860 lumine.
406 2790 560 2861 Mitiones
573 2791 657 2860 faeti
669 2813 811 2872 omnes,
842 2799 878 2862 et
896 2792 933 2860 ni
947 2815 1051 2885 pran·
1096 2767 1300 2810 mmm

78 2925 135 2972 sus
148 2904 296 2984 luisset,
314 2902 502 2994 prandium
518 2909 716 2994 paraturos
732 2904 799 2973 Sed
814 2902 925 2973 libros
951 2910 1051 2996 rogat

78 3016 291 3096 slavonicos,
317 3037 361 3084 ex
382 3013 512 3106 quibus
531 3014 694 3106 dogmata
714 3015 795 3084 lidei
822 3015 1048 3107 depromere,

78 3129 245 3200 unionem
262 3126 425 3196 Ecclesiae
453 3126 612 3206 firmare,
644 3127 832 3196 annalibus
857 3127 1051 3198 ruthenicis

77 3241 259 3311 unitorum
274 3238 627 3331 metropolitanorum
638 3238 765 3308 seriem
776 3240 960 3320 deducere,
976 3239 1052 3309 etsi

77 3353 150 3422 haec
170 3352 292 3424 minus
314 3371 396 3419 vera
418 3354 554 3429 essent,
580 3355 818 3418 monstrarent
835 3349 989 3430 veriora,
1014 3371 1052 3418 se

76 3485 203 3532 manns
222 3462 399 3531 daturum.
421 3459 545 3531 lllirum
561 3464 734 3550 quantum
753 3459 880 3528 mutati
900 3458 1049 3539 abillis,

76 3575 226 3644 silentes
245 3572 456 3664 stupebant,
484 3575 558 3640 tota
581 3571 656 3640 loca
680 3593 825 3640 suorum
847 3579 1053 3641 monstran-

78 3693 148 3757 tem
179 3686 373 3765 librorum,
397 3685 440 3754 ad
469 3684 676 3752 firmandam
705 3683 883 3752 unionem.
911 3684 1053 3776 Adjece-

76 3804 182 3867 runt:
201 3816 273 3865 non
289 3795 352 3864 abs
365 3817 403 3864 re
426 3816 507 3864 eum
529 3791 645 3863 vocari
659 3791 933 3874 Dasmcbvotum,
959 3793 1052 3885 quod

77 3917 148 3980 tam
176 3909 308 3979 blande
337 3907 496 3977 homines
526 3912 697 3995 raperet:
729 3925 811 3973 eum
837 3911 957 3974 tamen
983 3926 1054 3974 non

77 4031 286 4103 secuturoS,
306 4021 366 4092 sed
382 4020 425 4089 ad
442 4016 635 4110 hospitium
655 4015 857 4086 humaniter
876 4016 1056 4086 deductu-

77 4160 147 4207 ros.
170 4140 243 4206 Nec
264 4135 395 4203 frustra
416 4129 541 4210 locuti,
566 4127 739 4221 promissa
760 4129 852 4207 facto
871 4132 1053 4199 coronant.

77 4249 332 4342 Deploraverat
344 4245 417 4334 jam
436 4242 610 4335 Iosephus
630 4239 1052 4332 Rutsoiuslosaphatum,
