3259 5484
912 659 1113 733 -200-

523 817 655 881 minime
667 826 815 881 uacarent
835 818 866 879 in
884 836 920 879 ea
943 834 1034 890 cura,
1060 816 1092 879 in
1113 836 1177 897 qua
1197 818 1285 898 largo
1300 820 1366 901 jam
1385 820 1503 883 sudore

524 918 746 1002 perfusustoto
756 936 889 1001 corpore
900 917 1002 981 luerat
1016 917 1216 999 lacrymatus.
1232 921 1301 983 lam
1317 941 1389 986 vero
1401 942 1504 987 saeer-

522 1022 581 1087 dos
600 1020 715 1091 iuctus,
730 1028 763 1082 et
782 1020 814 1083 in
830 1020 976 1083 coenobio
988 1018 1129 1083 Vilnensi
1144 1021 1267 1083 abbatis
1280 1021 1430 1103 dignitate
1447 1024 1503 1086 in-

523 1130 668 1211 signitus,
687 1136 883 1211 quantopere
902 1125 1075 1199 contendit,
1096 1134 1130 1187 ut
1150 1146 1214 1187 suae
1236 1128 1410 1189 restitueret
1430 1128 1504 1189 vitae

523 1232 796 1296 schismaticorum
814 1228 979 1303 cadauera,
1007 1228 1095 1291 ritali
1115 1230 1227 1311 spiritu
1248 1229 1319 1293 ideo
1338 1230 1502 1304 destituta,

523 1332 610 1417 quod
640 1331 740 1395 divini
774 1330 910 1414 Spiritus
942 1330 1092 1394 inimica?
1124 1332 1247 1407 Quanta
1280 1331 1504 1396 benevolentia

524 1437 648 1521 privata
675 1434 873 1515 singulorum
894 1433 1062 1497 commoda
1087 1436 1218 1517 excepit,
1247 1434 1332 1509 fovit,
1358 1438 1505 1499 curarit?

524 1540 594 1622 lpse
615 1536 836 1618 egentissimus
856 1554 1015 1616 quemque
1027 1546 1207 1619 opportuna
1221 1536 1409 1603 liberalitate
1420 1559 1504 1603 oon-

523 1641 686 1715 firmabat,
711 1641 844 1723 inopum
868 1648 940 1703 rota
959 1640 1052 1702 celeri
1075 1642 1288 1723 praecurrebat
1313 1643 1503 1723 largitione,

524 1765 629 1811 sacrm
647 1744 789 1808 redditus
816 1744 849 1806 iu
874 1744 1028 1807 beneticio
1046 1742 1197 1807 libentius
1218 1765 1315 1827 quam
1340 1746 1372 1807 in
1397 1746 1505 1809 fructu

524 1850 706 1935 reponebat.
724 1848 810 1912 lderu
825 1848 941 1911 cisium
957 1848 1132 1911 simultates
1146 1848 1323 1911 incredibili
1347 1850 1506 1913 charitate

524 1952 725 2027 dissolvebat,
742 1952 923 2014 tenuiorum
944 1949 1112 2013 bominum
1135 1949 1277 2015 fortunas
1296 1954 1359 2015 aeri
1384 1972 1506 2036 propu-

524 2058 643 2141 gnabat
669 2056 840 2129 industria,
871 2054 980 2117 insitas
1007 2054 1121 2116 animis
1140 2055 1347 2119 moerentibus
1371 2057 1506 2137 aegritu-

525 2164 638 2227 dinum
660 2161 773 2243 stirpes
787 2156 994 2229 auxiliaribus
1008 2158 1111 2221 verbis
1129 2157 1275 2220 elidebat.
1294 2160 1382 2221 Unus
1402 2178 1507 2223 xeno-

525 2269 641 2334 doclria
668 2266 817 2339 inrisere,
847 2264 955 2327 sordes
982 2264 1121 2337 abluere,
1149 2265 1357 2326 morientibus
1382 2264 1505 2339 adesse,

526 2377 681 2439 instruere
701 2389 836 2445 mensas,
853 2369 1063 2431 assidentibus
1076 2370 1263 2432 ministrare.
1280 2370 1304 2432 0
1321 2358 1514 2433 Kuncevicii

526 2482 622 2559 caput
633 2473 729 2537 sacrIs
737 2471 846 2534 infulis
853 2470 1025 2532 verendum
1032 2470 1071 2532 ad
1080 2470 1174 2553 pedes
1181 2471 1484 2553 plebisprostratum
1497 2473 1504 2533 l

525 2585 637 2649 overe
651 2580 884 2663 triumphantes
899 2598 1013 2641 manus
1027 2597 1091 2641 non
1106 2597 1125 2640 a
1139 2586 1262 2661 sceptro
1287 2578 1324 2641 ad
1348 2589 1506 2659 aratrum,

526 2687 580 2751 sed
597 2684 745 2749 adivinis
758 2682 914 2765 mysteriis
932 2680 971 2743 ad
986 2680 1137 2762 obsequia
1156 2690 1313 2763 postrema
1332 2681 1506 2745 demissasl

465 2776 469 2784 ’
526 2791 565 2852 Et
591 2786 800 2860 mirabimur,
829 2803 900 2847 cum
928 2792 1015 2845 tanta
1043 2783 1184 2863 singulos
1206 2784 1406 2846 humanitate
1429 2804 1508 2849 con-

526 2892 681 2964 vinceret,
697 2906 788 2951 suam
803 2894 868 2949 tam
886 2886 977 2948 lacile
990 2894 1121 2949 cunctos
1138 2885 1170 2946 in
1183 2886 1370 2947 sententiam
1392 2885 1507 2977 tradu-

527 2993 628 3058 xissel

565 3107 729 3168 Extremus
764 3101 941 3164 Litbuaniae
980 3102 1059 3161 lines
1093 3118 1279 3181 percurrens
1312 3099 1506 3181 aliquande,

525 3211 644 3272 ilumen
659 3204 790 3269 offendit
810 3204 909 3287 quod,
933 3204 1033 3283 glacie
1058 3204 1174 3265 sensim
1198 3202 1369 3273 diffluente,
1401 3224 1509 3286 neque

525 3329 632 3383 cunu,
659 3326 762 3389 neque
783 3306 910 3386 navigio
932 3314 1056 3389 poterat
1080 3325 1188 3367 secure
1209 3307 1332 3369 tentari.
1357 3307 1508 3370 Constitit

525 3409 1505 3492 virsanctus,cumqueplurimosibidemaquarumingenium

526 3515 642 3587 morari
668 3513 829 3595 coegisset,
853 3512 1052 3575 commodam
1081 3520 1191 3574 nactus
1218 3515 1504 3595 opportunitatem,

526 3619 671 3682 ardentes
683 3617 762 3679 adeo
783 3616 900 3679 divinae
914 3616 1076 3678 charitatis
1097 3617 1241 3679 flammas
1257 3618 1405 3680 omnium
1425 3621 1505 3682 suh-

525 3722 605 3787 didit
620 3722 811 3805 pectoribus,
822 3728 859 3782 ut
873 3721 1006 3783 celerius
1020 3720 1086 3802 ipse
1100 3728 1146 3783 tot
1160 3722 1340 3785 animarum
1354 3724 1502 3803 glaciem,

524 3844 623 3908 quarn
647 3824 693 3887 sol
708 3823 803 3886 unius
815 3822 956 3885 fluminis
970 3823 1042 3902 gelu
1054 3821 1240 3885 dissolverit.
1255 3823 1356 3897 Quare
1369 3824 1505 3888 ulterio-

525 3947 592 3991 rem
618 3926 742 4007 assequi
763 3925 866 3988 noluit
894 3925 1014 4007 ripam,
1044 3924 1145 3987 donee
1171 3924 1342 3987 insidentes
1367 3926 1504 4007 singulis

525 4027 848 4092 criminummaculas
863 4027 1061 4107 abstergeret.
1077 4027 1228 4107 Egregius
1240 4027 1379 4109 profecto
1390 4040 1500 4103 nauta,

525 4132 616 4214 cuius
635 4149 696 4214 ope
715 4131 940 4193 inveherentur
960 4129 1105 4192 homines
1130 4130 1161 4191 in
1179 4131 1298 4193 melum
1318 4131 1521 4212 trajectione·
