3259 5484
297 1600 320 1642 lu
331 1600 433 1644 relatione
443 1599 542 1654 Congre-

322 1661 385 1705 tlouio
407 1663 433 1706 do
459 1663 542 1714 Propu-

324 1725 392 1780 ganda
402 1725 452 1769 Fido
461 1726 488 1769 ad
499 1727 541 1770 Ur·

324 1791 399 1832 bonum
409 1788 464 1832 Vlll.

297 2623 406 2681 lomphatl
434 2625 541 2682 prepositi

371 2688 462 2732 labores.

314 3623 409 3675 Quotidie
419 3624 521 3668 celebrat.

973 739 1152 810 ..20-

573 919 689 968 coram
706 921 743 968 se
758 898 874 968 cordis
887 898 940 967 sui
962 906 1097 969 secreta
1116 898 1352 979 effunderent,
1379 897 1545 967 habebat.

571 1011 612 1077 Et
632 1030 702 1078 non
717 1009 821 1078 modo
838 1008 875 1077 in
891 1009 989 1089 urbe,
1008 1009 1070 1078 sed
1083 1009 1190 1078 etiam
1203 1009 1238 1077 in
1252 1009 1378 1080 itinere
1391 1009 1546 1100 quando-

571 1143 640 1212 que
663 1121 879 1202 subsistam,
901 1123 1073 1214 hocopus
1094 1126 1274 1200 sanctum,
1292 1121 1442 1212 pecunia
1462 1142 1546 1188 rus-

571 1234 698 1305 ticellis
711 1235 803 1316 data,
820 1233 913 1305 felici
929 1235 1025 1304 exitu
1038 1233 1199 1326 urgebat.
1215 1237 1288 1315 Quo
1307 1230 1546 1301 schismaticos

570 1353 753 1439 argueret,
786 1347 847 1439 qui
873 1369 937 1440 pro
961 1347 1180 1417 confessione
1207 1345 1392 1439 pecuniam
1417 1365 1546 1414 cmun-

570 1464 711 1550 gentes,
741 1458 785 1527 ab
809 1458 932 1529 eadem
954 1459 1194 1529 reverberent.
1225 1462 1313 1528 Casu
1341 1456 1487 1526 fortuito
1511 1456 1543 1522 iu

570 1571 718 1663 trajectu
731 1571 901 1664 praecipui
911 1571 1106 1641 Lithuaniae
1117 1570 1290 1650 fluminis,
1306 1569 1459 1638 Chronon
1472 1567 1544 1637 lati·

569 1706 614 1752 na
625 1737 633 1764 ‚
645 1683 765 1754 Nemeo
775 1685 891 1754 natira
906 1684 1130 1777 linguadicti‚
1146 1683 1289 1775 plurimi
1300 1683 1342 1752 ad
1356 1683 1457 1752 littus
1470 1702 1544 1749 con-

570 1797 704 1867 lluxere
716 1796 888 1876 heminae,
907 1795 1191 1865 commoditatem
1204 1793 1401 1886 trajiciendi
1412 1792 1543 1883 aliquot

571 1907 697 1978 diebus
707 1908 925 2001 operientes
938 1907 1120 1975 intantum
1134 1905 1232 1974 suari
1250 1927 1314 1973 suo
1325 1904 1396 1995 egit
1405 1902 1542 1994 eloquio

568 2016 1539 2110 zelosusJusaphat,utomniumconfessionesexceperit.

568 2131 632 2213 Qui
663 2130 794 2223 duplici
822 2130 956 2222 perfusi
981 2129 1109 2222 gaudio
1133 2129 1264 2198 flumen
1294 2128 1540 2197 transierunt:

568 2263 648 2310 cum
661 2248 697 2311 et
711 2241 868 2310 maculas
882 2242 1077 2310 ammarum
1093 2239 1257 2320 eluerint,
1271 2247 1308 2309 et
1319 2239 1451 2308 flumen
1465 2239 1543 2329 gla-

568 2355 620 2424 cie
635 2355 770 2447 rigente
792 2354 1021 2425 concreverit.
1039 2353 1184 2424 Coelitus
1198 2353 1362 2423 videlicet
1385 2359 1420 2421 et
1435 2350 1543 2444 poeni·

568 2471 718 2540 tentium
740 2470 854 2562 pietas
877 2476 913 2539 et
926 2469 1106 2562 losaphati
1128 2468 1281 2538 charitas
1303 2465 1540 2558 comprobata.

612 2589 793 2660 Proditore
814 2589 954 2659 unionis
977 2588 1251 2658 archimandrita
1271 2591 1466 2657 memorato
1480 2606 1543 2676 per

569 2703 881 2795 metropolitanum
903 2725 922 2772 e
947 2701 1159 2773 monasterio
1176 2699 1334 2772 llilueusi
1349 2699 1481 2791 ejecto,
1508 2702 1543 2766 et

569 2815 710 2885 Rutscio
733 2815 769 2883 in
793 2815 1104 2884 archimandritam
1132 2814 1341 2906 subrogato,
1362 2832 1542 2881 accrevero

568 2928 757 3017 losaphato
769 2924 926 3005 laboreS,
942 2925 1003 2994 sed
1014 2948 1084 2994 nun
1095 2924 1250 2994 decrevit
1259 2921 1543 3016 promptissimus

570 3038 614 3105 ad
639 3035 778 3106 labores
802 3035 953 3105 animus.
975 3039 1053 3128 lpse
1076 3035 1246 3115 vicarius,
1267 3033 1538 3126 paterfamilias,

565 3144 701 3236 jurium
718 3150 899 3236 patronus
917 3146 1011 3214 Idem
1025 3144 1101 3236 ipse
1116 3144 1245 3236 stipem
1261 3142 1461 3236 acquirere,
1479 3163 1541 3232 pro

569 3260 738 3347 suggestu
753 3255 964 3347 praedicare,
987 3256 1222 3324 confessorem
1246 3255 1489 3347 religiosorum
1506 3260 1541 3322 et

569 3366 831 3458 religiosarum,
850 3366 1091 3459 laicorumque
1115 3389 1220 3459 agere
1247 3367 1283 3434 in
1305 3366 1538 3447 monasteri03

570 3477 720 3546 fratrum
750 3477 946 3558 excitator,
983 3477 1019 3545 in
1049 3480 1157 3547 choro
1185 3477 1361 3556 director,
1393 3484 1537 3556 cantur,

568 3587 696 3670 lect0r;
712 3589 747 3656 in
763 3589 866 3658 altari
878 3610 1004 3682 perpes
1019 3589 1080 3659 Dei
1094 3591 1274 3667 sacerdos,
1290 3611 1368 3659 cum
1386 3589 1541 3681 singulos

568 3699 604 3767 in
625 3699 701 3768 dies
714 3699 832 3768 anima
847 3722 910 3792 per
927 3700 1182 3770 confessionem
1205 3700 1397 3792 depurata,
1420 3699 1542 3792 puris-

568 3809 655 3878 sima
669 3833 767 3880 sacra
781 3815 852 3880 Deo
872 3811 1006 3881 fecerit.
1023 3815 1105 3880 Esto
1121 3811 1214 3880 enim
1227 3813 1271 3879 ad
1283 3815 1394 3880 Deum
1410 3811 1540 3880 fontem

568 3921 686 3991 virum
703 3922 738 3990 in
752 3923 861 3992 sacris
874 3925 1105 3995 Eucharistiae
1120 3926 1309 4017 mysteriis,
1325 3926 1455 4018 saepius
1474 3925 1539 4017 ipsi

567 4034 748 4115 accedere,
779 4035 886 4105 etiam
912 4043 1075 4107 anteacto
1098 4044 1256 4130 tempore
1280 4040 1397 4108 fuerat
1417 4037 1539 4119 dulce;

567 4144 669 4236 louge
685 4151 803 4214 tamen
825 4146 983 4227 dulcius,
1006 4170 1086 4216 cum
1107 4149 1318 4241 presbyterii
1340 4171 1471 4218 munus
1490 4171 1542 4218 as·
