3259 5484
403 778 407 785 .
495 705 697 775 -llll-

113 871 201 935 rent.
228 864 380 933 Litteras
398 862 593 933 Smotriscii
608 862 737 932 dolosae
758 863 955 943 suavitatis,
977 862 1088 965 nnlri7
1106 954 1114 965 .

111 979 209 1047 litate
225 998 344 1047 coram
360 983 396 1046 et
409 976 569 1054 civibus,
588 975 736 1044 incuria
751 975 861 1046 lectas
875 998 882 1043 :
898 954 1088 1068 quas'jum'
1103 986 1113 1057 ξ
1356 964 1364 974 ’

111 1095 326 1159 monstratas
335 1088 474 1181 judices
493 1086 710 1180 acciperent,
733 1088 981 1186 precabantur.
994 1089 1084 1173 ,lude
1224 1134 1261 1181 :·-
1279 1140 1302 1187 :-
1318 1142 1327 1184 :
1343 1146 1352 1188 :

111 1201 291 1279 effraenes,
325 1199 577 1292 contemptim,
617 1199 860 1279 tumultuose,
893 1184 1084 1291 losaplia'tu
1100 1198 1108 1238 ³
1122 1188 1146 1242 :·
1165 1184 1211 1247 ἶν’
1222 1186 1263 1249 ῑ“·ἷ
1343 1180 1408 1256 ::''.

110 1311 338 1390 renuntiare,
358 1310 535 1381 llleletium
560 1309 747 1401 amplecti,
773 1310 944 1403 scriptum
969 1309 1084 1379 eidem

110 1421 362 1513 obligatorium
383 1421 532 1501 nobiles,
550 1421 661 1500 cives,
680 1422 820 1514 vulgus
838 1420 1081 1503 subscribere;

109 1535 281 1604 ecclesias
298 1541 335 1603 et
359 1534 586 1627 presbyteros
607 1535 641 1602 in
664 1535 824 1626 ejusdem
843 1535 984 1605 nomine
1003 1535 1085 1605 adi-

110 1669 220 1716 mere.
235 1650 305 1715 Nec
319 1647 362 1716 de
373 1645 428 1714 his
439 1645 592 1736 judicari
606 1646 780 1726 voluisse,
799 1652 938 1745 tergum
954 1652 1086 1715 contu-

110 1759 230 1828 maeiae
243 1757 447 1828 tenentibus
457 1756 547 1825 aliis.
564 1758 724 1837 Posthac,
743 1757 945 1849 ligamenta,
956 1756 1086 1826 machi-

110 1870 284 1948 nationes,
309 1868 484 1936 tumultus
503 1867 723 1937 subsecutos.
751 1867 982 1937 Restituerint
1002 1889 1085 1938 saue

110 1980 298 2060 ecelesias,
326 1986 473 2071 urgente
498 1980 708 2070 Josaphat0,
735 2001 776 2048 ac
796 1986 962 2049 mouente
990 1979 1086 2072 regia

110 2096 317 2188 majestate,
335 2096 395 2163 sed
409 2096 596 2163 thesauros
605 2094 746 2163 illarum
761 2094 917 2164 minime.
930 2098 971 2163 Et
987 2117 1087 2186 syna-

109 2206 208 2297 gogis
223 2212 326 2275 extra
350 2204 527 2274 civitatem
548 2205 721 2286 excitatis,
744 2211 970 2275 contumaees
984 2205 1020 2273 in
1042 2206 1085 2275 iis

109 2316 312 2385 exercuisse
322 2316 542 2385 devotiones.
558 2316 672 2385 Fateri
686 2319 840 2395 tandem,
857 2322 1015 2387 extrema
1028 2316 1084 2387 die
1133 2338 1235 2383 riuum
1246 2338 1333 2381 aeman.

109 2427 311 2519 Josaphati,
340 2426 501 2496 sonuisse
523 2448 729 2518 campanae,
750 2426 896 2496 irruisse
916 2426 952 2495 in
967 2427 1083 2497 aulam

110 2539 300 2629 populum,
333 2536 597 2607 consauciatum
628 2538 862 2619 famulitium,
896 2546 1084 2632 perruptas

110 2670 228 2739 sepes,
258 2649 420 2717 effractos
435 2654 571 2741 postes,
591 2670 719 2718 caesum
733 2650 943 2722 insolentem
959 2657 1085 2743 pasto-

110 2784 205 2843 rem,
236 2764 531 2855 demersumque,
559 2769 600 2833 ut
626 2764 741 2834 scelus
762 2764 895 2835 scelere
919 2764 1085 2835 cumula-

112 2882 201 2945 rent.
227 2880 270 2944 Et
285 2875 428 2967 quidem
446 2882 613 2946 nocentes
629 2877 717 2946 alios
740 2877 918 2969 ergastulo
942 2876 1055 2947 teneri
1070 2930 1082 2973 ,Ι

110 2986 195 3055 alios
212 2986 425 3079 profugisse.
451 2991 537 3055 Tum
564 2988 693 3080 singuli
717 3009 886 3058 excusare
914 3009 950 3057 se
972 2987 1078 3080 ipsos,
1110 2992 1356 3099 “wwffipimrla

110 3096 269 3190 flagitare
291 3097 451 3176 veniam,
469 3097 659 3189 implorare
679 3098 954 3167 miserationem.
972 3098 1085 3190 Majo-

109 3231 188 3278 rum
204 3231 365 3289 suorum,
384 3230 556 3301 suamque
570 3209 605 3277 in
619 3210 769 3301 patriam
787 3209 908 3289 fidem,
925 3208 960 3276 in
982 3230 1083 3302 reges

110 3325 342 3417 obsequium,
365 3324 401 3391 in
421 3326 542 3394 hostes
554 3325 809 3404 fortitudinem,
822 3324 961 3415 judices
979 3348 1084 3395 reeo-

110 3437 226 3509 lerent
241 3462 248 3505 :
266 3460 331 3507 nec
344 3438 502 3507 insontes
514 3460 593 3507 cum
608 3439 769 3508 sontibus
783 3439 991 3531 plecterent.

152 3555 237 3620 Post
262 3550 374 3619 multa
397 3549 605 3619 innocentiae
630 3550 772 3619 inducta
799 3549 949 3619 averiis
982 3574 1084 3644 argu·
1125 3570 1343 3628 sumsimus.

110 3672 241 3746 menta,
254 3666 454 3758 promeritae
472 3689 492 3734 a
505 3666 686 3758 judicibus
705 3667 782 3735 latae
802 3688 926 3759 poenae.
944 3667 1083 3737 Civitati

110 3775 302 3847 liberarum
320 3777 461 3846 urbium
473 3777 637 3868 adempta
645 3776 726 3868 jure
737 3776 930 3868 etjudioia:
944 3777 1083 3847 sublata

110 3909 129 3954 a
154 3888 299 3958 teloniis
328 3888 495 3957 libertas:
510 3889 798 3979 aceeptadueum
813 3897 849 3956 et
865 3910 986 3980 regum
1004 3888 1084 3981 pri-

110 4000 260 4094 vilegia:
285 4000 358 4091 juri
381 4007 417 4070 et
435 4000 604 4092 potestati
628 4000 866 4091 palatinorum
883 4000 1082 4091 subjeetum

110 4111 281 4203 oppidum
308 4134 315 4178 :
354 4110 457 4180 solita
483 4117 564 4180 ante
593 4110 775 4179 libertates
802 4117 986 4202 praestaret
1011 4111 1082 4180 arci
