3259 5484
496 697 675 766 ..21-

95 854 319 947 sumpsisset.
338 853 435 936 Quod
451 853 554 922 effioii
567 853 662 922 istud
677 853 732 922 sui
756 852 890 944 potius,
917 873 987 922 non
1006 853 1074 922 fre-

94 970 276 1057 quentatae
308 969 401 1034 esset
424 964 640 1042 devotionis,
668 983 774 1056 quam
805 984 946 1055 semper
967 961 1075 1032 celari

95 1081 320 1166 percuperet.
347 1074 512 1166 Reperire
532 1073 615 1144 lieet
634 1073 726 1143 inter
748 1072 871 1144 Unitos
893 1072 1073 1164 Jesaphati
1101 1084 1301 1136 holande-u.
1314 1100 1348 1130 ⁸·-

94 1187 231 1268 ieeneS,
255 1210 336 1279 quae
356 1187 472 1278 ipsum
493 1186 529 1254 in
546 1186 716 1255 sacrificio
739 1207 819 1255 eum
840 1207 940 1255 sacre
965 1185 1073 1254 ealiee
1126 1148 1283 1264 “gal-”diff
1305 1162 1346 1193 '⁰'

95 1301 137 1367 ad
150 1299 325 1391 populum
347 1319 555 1368 conversum
580 1298 746 1390 effigiant.
770 1302 808 1367 ln
832 1297 935 1389 eujus
957 1297 1073 1367 medie

94 1412 272 1503 puerulus
284 1416 403 1491 lesus,
420 1421 455 1481 et
468 1405 679 1479 sacrificanti
695 1410 809 1479 alatus
825 1409 988 1503 appictus
1000 1431 1074 1479 eer-

94 1523 192 1590 nitur
208 1523 378 1592 diaeonus
393 1546 401 1605 3
426 1524 521 1614 qued
536 1521 733 1613 gravissimi
752 1522 917 1592 viderunt
934 1528 971 1592 et
986 1527 1074 1592 atte-

95 1637 178 1705 stati
194 1643 279 1706 sunt
294 1636 470 1715 heminae,
485 1657 564 1704 eum
576 1634 722 1704 diacono
738 1658 800 1705 seu
814 1636 950 1727 angele,
966 1635 1072 1706 etiam

93 1750 283 1820 Dominum
300 1751 518 1841 angelorum,
528 1755 609 1841 post
619 1749 830 1819 sacrificium
842 1748 1069 1842 disparuisse.

92 1865 119 1931 Α
145 1863 352 1934 memoratis
379 1862 561 1931 laboribus
586 1867 621 1931 et
644 1861 763 1931 divine
785 1861 982 1942 sacrificio,
1009 1883 1074 1931 nee

93 2002 172 2050 raro
204 1980 250 2049 ab
283 1979 359 2072 ipso
393 1979 642 2071 poenitentium
675 1978 844 2048 tribunali
865 1999 1070 2070 regressuS,

93 2090 276 2183 pulpitum
292 2111 430 2159 snorum
447 2091 637 2159 ascendere
659 2095 694 2159 et
714 2087 888 2180 ejusmodi
908 2109 982 2157 rem
1007 2109 1073 2180 pre

93 2201 263 2271 eonoiene
278 2202 321 2270 ad
338 2199 510 2292 populum
526 2199 657 2270 babere
675 2199 818 2280 selituS,
847 2205 887 2268 ut
908 2220 985 2268 eam
1005 2198 1073 2266 nisi

94 2315 168 2384 sole
186 2313 251 2383 Dei
267 2312 462 2398 instillante
478 2311 622 2404 spiritu,
641 2312 799 2404 proferre
814 2333 918 2380 neme
931 2310 1074 2403 petuis-

94 2431 158 2494 sot.
183 2429 358 2494 Fervente
380 2423 532 2514 quadarn
552 2422 719 2492 eonoione
735 2422 772 2490 in
795 2422 943 2492 ecelesia
962 2423 1085 2507 saon,

94 2537 265 2628 grandem
281 2534 568 2615 multitudinem,
585 2541 625 2604 ut
640 2535 707 2604 sibi
723 2535 971 2615 eonfiteretur,
986 2555 1076 2627 prae-

94 2648 284 2717 stelantem
307 2646 477 2729 advertit;
501 2647 562 2716 sed
576 2668 656 2716 eum
671 2646 747 2739 ipse
763 2646 808 2715 ob
824 2651 921 2715 eerta
934 2645 1073 2738 negotia

94 2758 128 2826 id
151 2759 274 2852 operis
294 2758 414 2828 subire
439 2758 620 2851 nequiret,
650 2758 807 2851 prebatae
839 2757 981 2827 virtutis
1004 2780 1073 2850 pa-

95 2878 183 2941 trem
198 2870 399 2940 Simeonem
413 2869 621 2949 Jaekievioz,
638 2869 842 2961 religiosum
855 2867 988 2938 erdinis
1004 2869 1070 2949 sui,

94 2987 188 3063 orat,
221 2979 478 3072 poenitentibus
497 2979 696 3050 inserviret.
712 2983 885 3072 imparem
909 3001 947 3048 se
965 2985 1073 3048 tantae

94 3091 282 3184 expiandae
298 3090 530 3171 multitudini,
547 3112 626 3159 eum
642 3090 709 3160 iste
723 3113 786 3160 sua
799 3099 965 3182 gravatus
979 3089 1075 3159 debi-

94 3203 192 3273 litate
215 3202 365 3281 disseret,
390 3182 645 3295 pedibus‘ejus
673 3224 827 3272 cernuus
854 3201 1071 3282 advolvitur,

95 3318 130 3380 et
152 3310 330 3381 submisse
352 3317 529 3402 precatur,
558 3318 597 3380 ut
613 3317 747 3405 pareat.
773 3311 905 3380 Annuit
928 3310 1011 3392 iste,
1040 3318 1076 3381 et

96 3425 166 3491 llee
178 3421 370 3491 roborante
384 3443 506 3490 omnes
521 3421 687 3514 expiavit.

138 3549 177 3614 ln
197 3543 295 3613 hisee
312 3548 431 3613 tamen
453 3543 621 3635 operibus
645 3565 725 3612 oum
750 3565 892 3637 semper
914 3543 1074 3613 laetitiam

95 3657 197 3725 uultu
223 3656 408 3748 praeferret
438 3655 650 3747 angelicam,
683 3662 759 3725 tum
791 3677 972 3748 nunquam
1006 3656 1073 3725 sibi

96 3767 296 3846 dissimilis,
318 3773 420 3836 noete
436 3766 566 3858 dieque
579 3766 615 3834 in
631 3766 802 3847 lectione,
825 3767 862 3835 in
884 3767 1043 3838 oratione
1065 3792 1073 3836 ε

92 3879 309 3971 jejuniorum
327 3879 521 3960 studiosuS,
539 3879 684 3948 ultimus
698 3880 741 3948 ad
754 3881 922 3972 quietem,
938 3881 1075 3973 primus

97 3991 139 4058 a'd
160 3990 317 4082 vigilias,
336 3990 445 4060 eemis
461 3991 496 4058 in
514 3991 619 4072 alies,
637 4013 780 4062 severus
802 3991 839 4059 in
862 4014 921 4073 se,
948 3992 1076 4061 eilieie-

100 4122 178 4168 rum
195 4107 318 4180 tonan,
334 4099 559 4193 gravissimas
575 4101 748 4193 quotidie,
765 4109 804 4171 ut
820 4101 910 4194 egit,
926 4102 975 4171 sio
989 4125 1077 4171 nun-
