3259 5484
513 782 559 796 ·-
582 767 628 812 vlt
648 783 694 797 -·

113 936 227 1026 (Pron.
243 955 318 1012 xvi,
340 934 400 1022 6),
424 934 471 999 ita
491 932 705 1000 recentiorum
726 954 850 1024 qnoque
867 932 1094 1004 schismatico-

113 1087 193 1133 rnm
212 1065 387 1132 obduratas
396 1063 529 1130 cervices
540 1062 704 1147 emolliat,
717 1071 746 1130 et
759 1065 818 1153 qni
831 1070 951 1155 raptor
963 1066 1095 1135 anima-

115 1217 196 1266 rum
209 1195 339 1262 andioit
358 1194 468 1277 ninus,
489 1195 577 1262 idem
586 1195 643 1262 itte
654 1204 684 1264 et
703 1205 849 1264 mortuas
861 1198 970 1265 uocari
978 1200 1091 1287 possit.

113 1324 222 1394 Immo
235 1348 296 1416 qno
314 1327 420 1414 mopis
434 1347 484 1393 res
501 1326 683 1434 cotltoiicoe,
707 1336 820 1395 nostra
840 1328 899 1396 dac
915 1338 1097 1420 tempestate

116 1461 364 1538 turbatissimo,
388 1457 571 1540 tamatibi,
594 1466 662 1526 tum
681 1461 718 1526 in
736 1459 893 1539 Potonia',
915 1459 1097 1530 Litanania

115 1600 147 1690 et
174 1592 210 1659 in
241 1590 465 1660 Ruttoenornm
502 1590 597 1657 terris
630 1591 784 1660 oidentnr
816 1593 1024 1682 periclitari,
1063 1616 1096 1662 eo

116 1715 280 1791 ualidiore
303 1743 374 1789 ooce
397 1723 532 1810 sanpnis
549 1723 616 1812 ejus
632 1744 694 1810 pro
717 1723 780 1810 fide
798 1725 953 1812 profusus
975 1724 1097 1792 ctamat

116 1859 163 1926 ad
178 1858 269 1925 coctos
290 1880 302 1924 .·
320 1855 465 1926 Vindice
485 1855 692 1947 sanguinem
714 1876 851 1936 mcum,
867 1860 961 1926 Deus
974 1878 1093 1937 mem,

116 2011 190 2057 eam
201 1988 321 2056 scilicet
337 2007 503 2076 exposcens
516 1987 695 2055 uindictam
710 2041 718 2070 ,
739 2009 804 2077 pua
817 1989 924 2056 sancti
935 1997 1098 2077 martyres

121 2116 251 2185 Ctrtsn
274 2115 441 2183 uindicari
468 2115 581 2183 soient.
612 2115 719 2196 Quam
749 2124 856 2183 tamen
882 2116 1045 2204 intepram
1068 2124 1099 2183 et

111 2249 248 2338 plenam
276 2269 341 2314 non
355 2255 449 2314 antea
473 2254 681 2336 consequetur
694 2247 910 2336 dosapnatns,
933 2248 1002 2315 nisi
1015 2247 1095 2332 nbi,

116 2377 316 2466 amplificato
336 2377 423 2445 cuttu
439 2377 647 2445 ecclesiastico
665 2399 726 2468 quo
738 2379 940 2468 jamdudum
955 2379 1095 2466 pandet,

116 2517 213 2599 atque
224 2508 398 2576 honoribus
408 2512 513 2576 Beato
527 2510 663 2576 redditis
678 2511 715 2576 in
729 2509 846 2577 Sancti
858 2510 1000 2598 ptoriam
1014 2532 1098 2578 conc·

116 2639 274 2720 mutatis,
292 2637 511 2726 splendidiore
524 2659 640 2705 corona
655 2639 795 2706 donatas
808 2639 911 2725 [uerit
928 2661 949 2707 a
967 2637 1099 2707 Sammo

116 2771 293 2858 Pontifici,
315 2771 406 2860 cujus
425 2778 469 2837 est
495 2771 665 2838 solemnem
688 2770 771 2838 dunc
792 2772 956 2838 decernere
976 2792 1095 2839 merce·
1207 2854 1210 2860 Ι

118 2904 204 2986 dem,
215 2902 486 2990 quemadmodum
499 2923 565 2969 non
580 2901 627 2968 ita
636 2902 767 2990 pridem
778 2922 816 2968 ea
826 2902 960 2969 donauit
971 2910 1098 2970 sanctos

117 3031 502 3122 martyresJaponcnses.

164 3161 209 3228 Et
227 3164 382 3253 quoniam
400 3163 520 3230 incidit
532 3183 633 3229 sermo
649 3163 685 3229 in
699 3162 797 3249 fortes
815 3159 1032 3229 hosEcctcsiee
1044 3182 1099 3228 ca-

120 3296 248 3364 ttcoticce
278 3297 440 3378 aroteres,
478 3315 616 3385 qnorum
639 3301 713 3376 tres
744 3293 781 3359 in
810 3300 923 3371 nostra
958 3291 1097 3358 minima

118 3426 275 3494 Societate
292 3427 368 3494 Jesn
386 3426 601 3506 decertarunt,
622 3423 714 3510 nefas
726 3444 790 3490 csse
808 3424 967 3507 ducerem,
984 3420 1100 3488 Encel-

120 3559 299 3626 tcntissime
324 3557 477 3636 Domine,
506 3549 635 3624 sitentio'
658 3555 826 3645 praeterire
847 3557 945 3623 istam
965 3556 1101 3622 bauco-

120 3689 274 3765 tentiam‚
310 3708 375 3775 qna
398 3685 541 3752 eamdem
562 3704 684 3771 semper
714 3682 897 3770 compleras
926 3703 979 3762 es;
998 3703 1098 3770 quom

120 3817 253 3905 qrcidem
273 3816 309 3882 in
331 3815 417 3881 beato
434 3813 590 3901 iosaphat
607 3810 690 3899 (erat
708 3812 795 3878 enim
815 3810 968 3878 Societati
981 3817 1099 3877 nostra

119 3944 387 4032 addictissimus)
410 3943 503 4010 tatus
530 3941 652 4009 videbis
678 3940 779 4027 [nisse
810 3948 951 4021 tantam,
974 3947 1011 4006 ut
1025 3946 1100 4006 teste

119 4075 234 4143 Jacobo
244 4072 344 4140 Susca
356 4073 444 4162 (pap.
459 4073 528 4162 46),
546 4093 577 4139 sc
587 4072 721 4138 nonnisi
734 4072 921 4138 indumento
933 4071 974 4137 ab
984 4091 1022 4137 ea
1035 4070 1101 4156 dis·

119 4207 220 4293 ferre,
237 4224 399 4294 unumque
409 4223 476 4271 esse
487 4223 561 4294 eorm
573 4203 636 4270 itta
643 4203 758 4292 palam
767 4203 981 4292 profiteretur,
996 4201 1100 4270 hostes
