3259 5484
319 1537 405 1594 Capitur
418 1537 516 1582 umido·

344 1601 495 1644 schismaticus.

326 2678 396 2721 oritur
406 2678 515 2721 tumultur.

968 700 1146 771 -gr..

570 860 801 931 munimenta.
825 861 1014 929 Asseruere
1032 860 1212 940 nonnulli,
1237 860 1343 931 etiam
1368 860 1445 930 luce
1465 859 1527 929 oir-

569 971 770 1041 eumfusum
786 970 908 1050 fuisse,
925 970 961 1037 in
977 971 1042 1039 hao
1057 976 1216 1039 extrema
1232 992 1315 1039 oum
1326 974 1397 1041 Deo
1412 990 1527 1039 sermo·

569 1082 757 1151 cinatione.
773 1084 880 1151 Nocte
896 1080 1039 1161 silente,
1057 1081 1141 1150 visae
1159 1103 1265 1173 super
1286 1082 1428 1149 domum
1444 1101 1528 1171 pra-

569 1194 727 1273 suleam‚
750 1193 857 1285 idque
881 1215 900 1261 a
924 1192 1038 1263 tribus
1061 1194 1223 1264 Vitebseo
1254 1195 1384 1275 leucis,
1419 1200 1527 1262 atrata

569 1304 758 1397 rubraeque
786 1304 920 1385 nubes,
943 1311 979 1375 et
1005 1328 1092 1375 crux
1129 1306 1309 1375 nonnullis
1341 1304 1525 1382 subrubea,

569 1418 825 1489 desideriorum
847 1419 1027 1510 Josaphati
1052 1441 1191 1511 soopus.

615 1544 751 1609 Interea
785 1539 1052 1609 archidiaconus
1093 1540 1242 1609 famulos
1281 1536 1529 1631 arobipraesulis

570 1674 693 1721 somno
709 1650 803 1721 exuit
820 1675 827 1719 ε
853 1650 999 1721 insidias
1014 1651 1122 1722 Heliae
1144 1652 1350 1744 presbytero
1366 1651 1528 1720 schisma-

570 1762 640 1833 tioo
662 1769 764 1855 parat
785 1785 792 1831 :
814 1762 1028 1832 celerantem
1045 1763 1088 1831 ad
1110 1784 1320 1855 synagogam
1336 1784 1399 1854 pro
1421 1766 1529 1829 matu-

570 1872 644 1941 tino
664 1879 745 1941 ante
767 1893 931 1941 auroram
955 1873 1049 1963 capit
1076 1896 1083 1939 ε
1112 1880 1254 1964 captum
1279 1871 1407 1939 eulinae
1432 1871 1530 1960 hypo·

569 1979 1530 2074 oaustoincluditlosaphatojamineoolesiamatutinas

569 2094 773 2164 exsolvente
807 2116 942 2186 preces.
981 2099 1070 2165 Dum
1107 2102 1292 2187 raperetur
1330 2093 1525 2186 presbyter,

568 2208 686 2278 socius
710 2209 787 2299 ejus
811 2208 880 2276 vim
911 2208 1123 2277 inclamavit.
1148 2212 1226 2277 Mox
1250 2206 1402 2298 improbi
1430 2202 1529 2297 parri-

570 2319 657 2388 oidae
674 2319 841 2399 incuria,
870 2340 909 2387 ao
925 2340 988 2410 per
1010 2340 1132 2387 omnes
1154 2317 1337 2397 eeclesias,
1361 2315 1529 2408 campanis

570 2436 641 2498 stat
668 2431 694 2499 ti
719 2429 884 2500 laoinoris
910 2428 1036 2520 signiS,
1054 2428 1265 2499 insonuere:
1283 2429 1456 2520 optimum
1471 2426 1528 2495 rati

567 2539 756 2610 obtentum
775 2540 940 2630 injuriam
956 2539 1162 2632 presbytero
1177 2540 1324 2609 illatam.
1343 2541 1391 2608 ld
1409 2558 1526 2608 novum

570 2652 737 2720 molimen
755 2658 853 2720 muta
873 2650 1081 2721 inhorruere
1102 2650 1201 2720 urbis
1222 2656 1336 2731 tecta,
1364 2656 1400 2719 et
1428 2648 1530 2718 noetis

570 2761 682 2830 amioa
717 2761 858 2832 silentia
890 2766 1071 2852 stupuere.
1105 2765 1236 2829 Tantus
1268 2782 1352 2829 vero
1381 2758 1530 2827 omnium

519 2885 521 2889 ’
570 2872 695 2952 ardor,
720 2879 760 2941 ut
775 2872 887 2952 eires,
908 2873 1046 2964 vulgus
1068 2872 1155 2952 viri,
1174 2872 1335 2951 leminae,
1366 2870 1530 2963 puerique

570 2983 728 3053 unanimi
753 2984 797 3052 ad
826 2985 941 3053 aulam
965 2984 1129 3076 praesulis
1157 2990 1302 3053 ruerent
1328 2982 1529 3053 concordia:

570 3102 606 3164 et
625 3096 727 3167 triste
742 3096 898 3166 nubibus
917 3096 1064 3176 coelum,
1085 3096 1235 3165 insontis
1248 3096 1443 3187 eupiditate
1461 3114 1531 3163 san-

569 3213 686 3304 guinis
721 3214 878 3293 tristiuS,
918 3234 958 3283 ao
986 3212 1097 3305 magis
1130 3213 1301 3281 suffusum
1338 3212 1529 3281 redderent.

573 3320 742 3412 Quodque
764 3320 917 3400 mirere,
939 3342 983 3389 ax
1004 3341 1098 3388 nune
1116 3318 1283 3411 aliquote
1306 3318 1431 3387 militia
1445 3372 1453 3399 ,
1467 3323 1532 3385 tan·

571 3452 677 3521 quam
693 3439 815 3511 antea,
835 3432 879 3500 ad
894 3432 963 3501 vim
987 3430 1199 3523 paratissimi
1218 3429 1432 3501 conduxere.
1450 3433 1533 3498 Stre·

572 3562 681 3632 puere
690 3541 798 3633 igitur
810 3548 937 3611 runata
948 3540 1172 3620 clamoribus,
1184 3547 1219 3610 et
1234 3537 1533 3610 exhortationibus

483 3743 486 3749 Ι
571 3650 704 3719 mutuis
724 3651 993 3721 vociferantium
1017 3651 1126 3721 additi
1146 3651 1261 3720 crebri
1287 3650 1465 3741 lapidum,
1491 3648 1533 3714 f-

523 3826 532 3849 ,
572 3760 678 3827 stium
694 3768 730 3831 et
751 3783 935 3854 sparorum
956 3763 992 3830 in
1005 3762 1155 3833 famulos
1170 3763 1261 3832 aulae
1277 3762 1457 3832 adstantes
1468 3762 1533 3852 jae·

572 3878 654 3951 tus,
691 3872 967 3965 bombardisque
1001 3876 1205 3966 frequentes
1237 3872 1400 3964 ejaculati
1430 3870 1530 3965 globi.

568 3982 703 4049 Famuli
714 4005 806 4075 aegre
818 4006 854 4054 se
871 3984 963 4055 tueri
977 4006 1081 4077 posse
1095 3985 1264 4064 videntes
1283 3984 1317 4052 in
1333 3984 1451 4051 aulam
1466 4004 1533 4051 mu·

569 4094 679 4171 uitam
700 4095 846 4187 sepibus
870 4118 946 4166 sese
967 4097 1161 4189 recipiunt,
1182 4096 1384 4189 ocolusique
1410 4093 1533 4164 similia
