<?xml version="1.0" encoding="UTF-8"?>
<!DOCTYPE html PUBLIC "-//W3C//DTD XHTML 1.0 Transitional//EN"
    "http://www.w3.org/TR/xhtml1/DTD/xhtml1-transitional.dtd">
<html xmlns="http://www.w3.org/1999/xhtml" xml:lang="en" lang="en">
 <head>
  <title>
</title>
<meta http-equiv="Content-Type" content="text/html;charset=utf-8" />
  <meta name='ocr-system' content='tesseract 3.04.00' />
  <meta name='ocr-capabilities' content='ocr_page ocr_carea ocr_par ocr_line ocrx_word'/>
</head>
<body>
  <div class='ocr_page' id='page_1' title='image "./cursusvitetcert00martgoog_0068.png"; bbox 0 0 3259 5484; ppageno 0'>
   <div class='ocr_carea' id='block_1_1' title="bbox 992 685 1291 756">
    <p class='ocr_par' dir='ltr' id='par_1_1' title="bbox 992 685 1291 756">
     <span class='ocr_line' id='line_1_1' title="bbox 992 685 1291 756; baseline 0 -16"><span class='ocrx_word' id='word_1_1' title='bbox 992 685 1172 756; x_wconf 71' lang='lat'><strong>...44-</strong></span> <span class='ocrx_word' id='word_1_2' title='bbox 1284 710 1291 728; x_wconf 88' lang='lat'><strong>·</strong></span> 
     </span>
    </p>
   </div>
   <div class='ocr_carea' id='block_1_2' title="bbox 324 841 1572 1161">
    <p class='ocr_par' dir='ltr' id='par_1_2' title="bbox 324 841 1572 1161">
     <span class='ocr_line' id='line_1_2' title="bbox 596 841 1571 934; baseline 0.001 -24"><span class='ocrx_word' id='word_1_3' title='bbox 596 841 660 923; x_wconf 89' lang='lat' dir='ltr'><strong>ria,</strong></span> <span class='ocrx_word' id='word_1_4' title='bbox 675 863 719 913; x_wconf 91' lang='lat' dir='ltr'><strong>ex</strong></span> <span class='ocrx_word' id='word_1_5' title='bbox 730 863 825 912; x_wconf 93' lang='lat' dir='ltr'><strong>nunc</strong></span> <span class='ocrx_word' id='word_1_6' title='bbox 836 843 1044 913; x_wconf 78' lang='lat' dir='ltr'><strong>introduxit.</strong></span> <span class='ocrx_word' id='word_1_7' title='bbox 1061 841 1408 934; x_wconf 73' lang='lat' dir='ltr'><strong>Archicpisoopatum</strong></span> <span class='ocrx_word' id='word_1_8' title='bbox 1428 863 1571 934; x_wconf 90' lang='lat' dir='ltr'><strong>paupe-</strong></span> 
     </span>
     <span class='ocr_line' id='line_1_3' title="bbox 324 955 1570 1052; baseline 0 -29"><span class='ocrx_word' id='word_1_9' title='bbox 324 977 569 1052; x_wconf 58' lang='lat' dir='ltr'><strong>rimgunn</strong></span> <span class='ocrx_word' id='word_1_10' title='bbox 596 976 669 1025; x_wconf 91' lang='lat' dir='ltr'><strong>rem</strong></span> <span class='ocrx_word' id='word_1_11' title='bbox 679 956 1073 1027; x_wconf 89' lang='lat' dir='ltr'><strong>etnimiumdesolatum</strong></span> <span class='ocrx_word' id='word_1_12' title='bbox 1082 955 1407 1048; x_wconf 77' lang='lat' dir='ltr'><strong>reperitblensurae</strong></span> <span class='ocrx_word' id='word_1_13' title='bbox 1418 955 1570 1048; x_wconf 86' lang='lat' dir='ltr'><strong>siliginis</strong></span> 
     </span>
     <span class='ocr_line' id='line_1_4' title="bbox 413 1045 1572 1161; baseline 0.001 -26"><span class='ocrx_word' id='word_1_14' title='bbox 413 1045 479 1086; x_wconf 74' lang='lat'><strong>&#39;⁰⁸¹²‘</strong></span> <span class='ocrx_word' id='word_1_15' title='bbox 596 1065 662 1136; x_wconf 93' lang='lat' dir='ltr'><strong>loci</strong></span> <span class='ocrx_word' id='word_1_16' title='bbox 676 1067 753 1159; x_wconf 87' lang='lat' dir='ltr'><strong>ejus</strong></span> <span class='ocrx_word' id='word_1_17' title='bbox 764 1067 923 1161; x_wconf 87' lang='lat' dir='ltr'><strong>quinque</strong></span> <span class='ocrx_word' id='word_1_18' title='bbox 938 1070 1168 1161; x_wconf 76' lang='lat' dir='ltr'><strong>superfuere,</strong></span> <span class='ocrx_word' id='word_1_19' title='bbox 1190 1090 1253 1137; x_wconf 88' lang='lat' dir='ltr'><strong>sex</strong></span> <span class='ocrx_word' id='word_1_20' title='bbox 1267 1089 1408 1149; x_wconf 78' lang='lat' dir='ltr'><strong>avenae,</strong></span> <span class='ocrx_word' id='word_1_21' title='bbox 1423 1074 1460 1138; x_wconf 91' lang='lat' dir='ltr'><strong>et</strong></span> <span class='ocrx_word' id='word_1_22' title='bbox 1479 1069 1572 1138; x_wconf 85' lang='lat' dir='ltr'><strong>reli-</strong></span> 
     </span>
    </p>
   </div>
   <div class='ocr_carea' id='block_1_3' title="bbox 595 1179 1570 1381">
    <p class='ocr_par' dir='ltr' id='par_1_3' title="bbox 595 1179 1570 1381">
     <span class='ocr_line' id='line_1_5' title="bbox 595 1179 1569 1274; baseline 0.004 -27"><span class='ocrx_word' id='word_1_23' title='bbox 595 1201 746 1270; x_wconf 89' lang='lat' dir='ltr'><strong>quorum</strong></span> <span class='ocrx_word' id='word_1_24' title='bbox 774 1201 843 1250; x_wconf 91' lang='lat' dir='ltr'><strong>non</strong></span> <span class='ocrx_word' id='word_1_25' title='bbox 865 1180 953 1249; x_wconf 89' lang='lat' dir='ltr'>nihil</span> <span class='ocrx_word' id='word_1_26' title='bbox 970 1180 1199 1273; x_wconf 83' lang='lat' dir='ltr'><strong>leguminum.</strong></span> <span class='ocrx_word' id='word_1_27' title='bbox 1223 1179 1402 1273; x_wconf 78' lang='lat' dir='ltr'><strong>siliginem</strong></span> <span class='ocrx_word' id='word_1_28' title='bbox 1431 1181 1569 1274; x_wconf 77' lang='lat' dir='ltr'><strong>integre</strong></span> 
     </span>
     <span class='ocr_line' id='line_1_6' title="bbox 597 1285 1570 1381; baseline 0.003 -28"><span class='ocrx_word' id='word_1_29' title='bbox 597 1285 814 1377; x_wconf 92' lang='lat' dir='ltr'><strong>pauperibus</strong></span> <span class='ocrx_word' id='word_1_30' title='bbox 826 1285 994 1378; x_wconf 81' lang='lat' dir='ltr'><strong>dispersit</strong></span> <span class='ocrx_word' id='word_1_31' title='bbox 1008 1293 1046 1356; x_wconf 90' lang='lat' dir='ltr'><strong>et</strong></span> <span class='ocrx_word' id='word_1_32' title='bbox 1059 1286 1158 1356; x_wconf 89' lang='lat' dir='ltr'><strong>dedit</strong></span> <span class='ocrx_word' id='word_1_33' title='bbox 1174 1310 1182 1356; x_wconf 92' lang='lat'><strong>:</strong></span> <span class='ocrx_word' id='word_1_34' title='bbox 1199 1287 1275 1378; x_wconf 90' lang='lat' dir='ltr'><strong>ipse</strong></span> <span class='ocrx_word' id='word_1_35' title='bbox 1289 1308 1369 1356; x_wconf 90' lang='lat' dir='ltr'><strong>cum</strong></span> <span class='ocrx_word' id='word_1_36' title='bbox 1386 1289 1461 1356; x_wconf 91' lang='lat' dir='ltr'><strong>suis</strong></span> <span class='ocrx_word' id='word_1_37' title='bbox 1473 1289 1570 1381; x_wconf 91' lang='lat' dir='ltr'><strong>apud</strong></span> 
     </span>
    </p>
   </div>
   <div class='ocr_carea' id='block_1_4' title="bbox 481 1397 1573 2274">
    <p class='ocr_par' dir='ltr' id='par_1_4' title="bbox 481 1397 1573 2274">
     <span class='ocr_line' id='line_1_7' title="bbox 596 1397 1573 1490; baseline 0.003 -24"><span class='ocrx_word' id='word_1_38' title='bbox 596 1401 716 1466; x_wconf 87' lang='lat' dir='ltr'><strong>Patres</strong></span> <span class='ocrx_word' id='word_1_39' title='bbox 726 1397 910 1468; x_wconf 82' lang='lat' dir='ltr'><strong>societatis</strong></span> <span class='ocrx_word' id='word_1_40' title='bbox 919 1404 1079 1468; x_wconf 88' lang='lat' dir='ltr'><strong>mutuata</strong></span> <span class='ocrx_word' id='word_1_41' title='bbox 1090 1421 1203 1490; x_wconf 85' lang='lat' dir='ltr'><strong>usque</strong></span> <span class='ocrx_word' id='word_1_42' title='bbox 1215 1400 1259 1470; x_wconf 92' lang='lat' dir='ltr'><strong>ad</strong></span> <span class='ocrx_word' id='word_1_43' title='bbox 1269 1421 1418 1469; x_wconf 88' lang='lat' dir='ltr'><strong>messem</strong></span> <span class='ocrx_word' id='word_1_44' title='bbox 1433 1400 1573 1469; x_wconf 83' lang='lat' dir='ltr'><strong>victita-</strong></span> 
     </span>
     <span class='ocr_line' id='line_1_8' title="bbox 596 1507 1572 1601; baseline 0.002 -25"><span class='ocrx_word' id='word_1_45' title='bbox 596 1508 656 1577; x_wconf 84' lang='lat' dir='ltr'><strong>vit.</strong></span> <span class='ocrx_word' id='word_1_46' title='bbox 680 1509 749 1578; x_wconf 87' lang='lat' dir='ltr'><strong>Neo</strong></span> <span class='ocrx_word' id='word_1_47' title='bbox 772 1507 882 1578; x_wconf 91' lang='lat' dir='ltr'><strong>ullum</strong></span> <span class='ocrx_word' id='word_1_48' title='bbox 905 1515 979 1578; x_wconf 88' lang='lat' dir='ltr'><strong>toto</strong></span> <span class='ocrx_word' id='word_1_49' title='bbox 1004 1507 1307 1601; x_wconf 79' lang='lat' dir='ltr'><strong>archiepiscopatu</strong></span> <span class='ocrx_word' id='word_1_50' title='bbox 1326 1509 1419 1580; x_wconf 82' lang='lat' dir='ltr'><strong>elabi</strong></span> <span class='ocrx_word' id='word_1_51' title='bbox 1443 1532 1572 1601; x_wconf 86' lang='lat' dir='ltr'><strong>passus</strong></span> 
     </span>
     <span class='ocr_line' id='line_1_9' title="bbox 595 1619 1572 1714; baseline 0.003 -26"><span class='ocrx_word' id='word_1_52' title='bbox 595 1619 705 1700; x_wconf 88' lang='lat' dir='ltr'><strong>diem,</strong></span> <span class='ocrx_word' id='word_1_53' title='bbox 732 1641 803 1712; x_wconf 92' lang='lat' dir='ltr'><strong>quo</strong></span> <span class='ocrx_word' id='word_1_54' title='bbox 827 1642 959 1690; x_wconf 85' lang='lat' dir='ltr'><strong>mensae</strong></span> <span class='ocrx_word' id='word_1_55' title='bbox 981 1643 1055 1690; x_wconf 85' lang='lat' dir='ltr'><strong>suae</strong></span> <span class='ocrx_word' id='word_1_56' title='bbox 1076 1620 1230 1712; x_wconf 87' lang='lat' dir='ltr'><strong>aliquem</strong></span> <span class='ocrx_word' id='word_1_57' title='bbox 1255 1621 1429 1714; x_wconf 89' lang='lat' dir='ltr'><strong>laterique</strong></span> <span class='ocrx_word' id='word_1_58' title='bbox 1443 1624 1572 1713; x_wconf 85' lang='lat' dir='ltr'><strong>proxi-</strong></span> 
     </span>
     <span class='ocr_line' id='line_1_10' title="bbox 481 1731 1567 1826; baseline 0.004 -26"><span class='ocrx_word' id='word_1_59' title='bbox 481 1737 488 1756; x_wconf 88' lang='lat'>’</span> <span class='ocrx_word' id='word_1_60' title='bbox 596 1754 693 1802; x_wconf 90' lang='lat' dir='ltr'><strong>mum</strong></span> <span class='ocrx_word' id='word_1_61' title='bbox 709 1753 778 1802; x_wconf 94' lang='lat' dir='ltr'><strong>non</strong></span> <span class='ocrx_word' id='word_1_62' title='bbox 798 1732 1012 1802; x_wconf 89' lang='lat' dir='ltr'><strong>adhibuerit.</strong></span> <span class='ocrx_word' id='word_1_63' title='bbox 1029 1731 1116 1802; x_wconf 79' lang='lat' dir='ltr'><strong>Aliis</strong></span> <span class='ocrx_word' id='word_1_64' title='bbox 1128 1733 1183 1802; x_wconf 94' lang='lat' dir='ltr'><strong>vel</strong></span> <span class='ocrx_word' id='word_1_65' title='bbox 1198 1734 1234 1802; x_wconf 92' lang='lat' dir='ltr'><strong>in</strong></span> <span class='ocrx_word' id='word_1_66' title='bbox 1251 1733 1413 1822; x_wconf 87' lang='lat' dir='ltr'><strong>cubiculo</strong></span> <span class='ocrx_word' id='word_1_67' title='bbox 1427 1734 1567 1826; x_wconf 86' lang='lat' dir='ltr'><strong>aliquo,</strong></span> 
     </span>
     <span class='ocr_line' id='line_1_11' title="bbox 595 1841 1570 1935; baseline -0.001 -23"><span class='ocrx_word' id='word_1_68' title='bbox 595 1843 649 1912; x_wconf 86' lang='lat' dir='ltr'><strong>vel</strong></span> <span class='ocrx_word' id='word_1_69' title='bbox 663 1842 698 1910; x_wconf 92' lang='lat' dir='ltr'><strong>in</strong></span> <span class='ocrx_word' id='word_1_70' title='bbox 712 1841 830 1912; x_wconf 90' lang='lat' dir='ltr'><strong>culina</strong></span> <span class='ocrx_word' id='word_1_71' title='bbox 845 1843 1005 1922; x_wconf 82' lang='lat' dir='ltr'><strong>relectis,</strong></span> <span class='ocrx_word' id='word_1_72' title='bbox 1022 1842 1097 1934; x_wconf 91' lang='lat' dir='ltr'><strong>ipse</strong></span> <span class='ocrx_word' id='word_1_73' title='bbox 1121 1864 1185 1911; x_wconf 87' lang='lat' dir='ltr'><strong>sua</strong></span> <span class='ocrx_word' id='word_1_74' title='bbox 1204 1864 1367 1912; x_wconf 90' lang='lat' dir='ltr'><strong>nummos</strong></span> <span class='ocrx_word' id='word_1_75' title='bbox 1381 1843 1417 1912; x_wconf 92' lang='lat' dir='ltr'><strong>in</strong></span> <span class='ocrx_word' id='word_1_76' title='bbox 1441 1845 1570 1935; x_wconf 87' lang='lat' dir='ltr'><strong>stipem</strong></span> 
     </span>
     <span class='ocr_line' id='line_1_12' title="bbox 593 1958 1571 2051; baseline 0.001 -23"><span class='ocrx_word' id='word_1_77' title='bbox 593 1959 830 2028; x_wconf 87' lang='lat' dir='ltr'><strong>distribuebat</strong></span> <span class='ocrx_word' id='word_1_78' title='bbox 856 1980 975 2028; x_wconf 92' lang='lat' dir='ltr'><strong>manu.</strong></span> <span class='ocrx_word' id='word_1_79' title='bbox 1003 1961 1131 2029; x_wconf 85' lang='lat' dir='ltr'><strong>Eadem</strong></span> <span class='ocrx_word' id='word_1_80' title='bbox 1157 1958 1318 2051; x_wconf 88' lang='lat' dir='ltr'><strong>largitate</strong></span> <span class='ocrx_word' id='word_1_81' title='bbox 1338 1981 1422 2050; x_wconf 88' lang='lat' dir='ltr'><strong>erga</strong></span> <span class='ocrx_word' id='word_1_82' title='bbox 1446 1959 1571 2051; x_wconf 88' lang='lat' dir='ltr'><strong>inopes</strong></span> 
     </span>
     <span class='ocr_line' id='line_1_13' title="bbox 596 2069 1570 2162; baseline -0.003 -22"><span class='ocrx_word' id='word_1_83' title='bbox 596 2070 726 2162; x_wconf 87' lang='lat' dir='ltr'><strong>ubique</strong></span> <span class='ocrx_word' id='word_1_84' title='bbox 750 2091 853 2150; x_wconf 90' lang='lat' dir='ltr'><strong>usus,</strong></span> <span class='ocrx_word' id='word_1_85' title='bbox 877 2070 1053 2141; x_wconf 89' lang='lat' dir='ltr'><strong>neminem</strong></span> <span class='ocrx_word' id='word_1_86' title='bbox 1069 2092 1089 2139; x_wconf 95' lang='lat' dir='ltr'><strong>a</strong></span> <span class='ocrx_word' id='word_1_87' title='bbox 1108 2093 1146 2140; x_wconf 92' lang='lat' dir='ltr'><strong>se</strong></span> <span class='ocrx_word' id='word_1_88' title='bbox 1162 2070 1298 2141; x_wconf 90' lang='lat' dir='ltr'><strong>tristem</strong></span> <span class='ocrx_word' id='word_1_89' title='bbox 1313 2069 1461 2140; x_wconf 88' lang='lat' dir='ltr'><strong>dimisit.</strong></span> <span class='ocrx_word' id='word_1_90' title='bbox 1482 2074 1570 2139; x_wconf 87' lang='lat' dir='ltr'><strong>Cum</strong></span> 
     </span>
     <span class='ocr_line' id='line_1_14' title="bbox 594 2181 1568 2274; baseline -0.001 -24"><span class='ocrx_word' id='word_1_91' title='bbox 594 2182 758 2273; x_wconf 87' lang='lat' dir='ltr'><strong>nequiret</strong></span> <span class='ocrx_word' id='word_1_92' title='bbox 783 2182 916 2274; x_wconf 88' lang='lat' dir='ltr'><strong>petenti</strong></span> <span class='ocrx_word' id='word_1_93' title='bbox 933 2182 1131 2252; x_wconf 90' lang='lat' dir='ltr'><strong>subsidium</strong></span> <span class='ocrx_word' id='word_1_94' title='bbox 1150 2183 1391 2262; x_wconf 78' lang='lat' dir='ltr'><strong>lerreviduae,</strong></span> <span class='ocrx_word' id='word_1_95' title='bbox 1421 2181 1568 2273; x_wconf 90' lang='lat' dir='ltr'><strong>pallium</strong></span> 
     </span>
    </p>
   </div>
   <div class='ocr_carea' id='block_1_5' title="bbox 572 2297 1628 4170">
    <p class='ocr_par' dir='ltr' id='par_1_5' title="bbox 592 2297 1628 3398">
     <span class='ocr_line' id='line_1_15' title="bbox 594 2297 1568 2392; baseline 0.002 -26"><span class='ocrx_word' id='word_1_96' title='bbox 594 2297 891 2391; x_wconf 80' lang='lat' dir='ltr'><strong>archiepiscopale</strong></span> <span class='ocrx_word' id='word_1_97' title='bbox 919 2299 1144 2392; x_wconf 88' lang='lat' dir='ltr'><strong>oppignorari</strong></span> <span class='ocrx_word' id='word_1_98' title='bbox 1176 2299 1374 2380; x_wconf 88' lang='lat' dir='ltr'><strong>mandavit,</strong></span> <span class='ocrx_word' id='word_1_99' title='bbox 1412 2307 1450 2370; x_wconf 91' lang='lat' dir='ltr'><strong>et</strong></span> <span class='ocrx_word' id='word_1_100' title='bbox 1472 2300 1568 2369; x_wconf 83' lang='lat' dir='ltr'><strong>tulit.</strong></span> 
     </span>
     <span class='ocr_line' id='line_1_16' title="bbox 594 2409 1571 2504; baseline 0.002 -26"><span class='ocrx_word' id='word_1_101' title='bbox 594 2409 761 2501; x_wconf 87' lang='lat' dir='ltr'><strong>Sanguini</strong></span> <span class='ocrx_word' id='word_1_102' title='bbox 783 2409 940 2501; x_wconf 86' lang='lat' dir='ltr'><strong>juvando</strong></span> <span class='ocrx_word' id='word_1_103' title='bbox 955 2412 1063 2503; x_wconf 90' lang='lat' dir='ltr'><strong>paulo</strong></span> <span class='ocrx_word' id='word_1_104' title='bbox 1081 2411 1254 2491; x_wconf 81' lang='lat' dir='ltr'><strong>tenacior,</strong></span> <span class='ocrx_word' id='word_1_105' title='bbox 1279 2432 1360 2480; x_wconf 91' lang='lat' dir='ltr'><strong>cum</strong></span> <span class='ocrx_word' id='word_1_106' title='bbox 1378 2434 1571 2504; x_wconf 88' lang='lat' dir='ltr'><strong>germanus</strong></span> 
     </span>
     <span class='ocr_line' id='line_1_17' title="bbox 594 2527 1569 2621; baseline 0.002 -25"><span class='ocrx_word' id='word_1_107' title='bbox 594 2527 723 2618; x_wconf 89' lang='lat' dir='ltr'><strong>ejusad</strong></span> <span class='ocrx_word' id='word_1_108' title='bbox 740 2549 776 2596; x_wconf 90' lang='lat' dir='ltr'><strong>se</strong></span> <span class='ocrx_word' id='word_1_109' title='bbox 789 2548 808 2595; x_wconf 89' lang='lat' dir='ltr'><strong>a</strong></span> <span class='ocrx_word' id='word_1_110' title='bbox 822 2527 925 2619; x_wconf 90' lang='lat' dir='ltr'><strong>longe</strong></span> <span class='ocrx_word' id='word_1_111' title='bbox 936 2529 1101 2609; x_wconf 87' lang='lat' dir='ltr'><strong>venisset,</strong></span> <span class='ocrx_word' id='word_1_112' title='bbox 1117 2528 1569 2621; x_wconf 87' lang='lat' dir='ltr'><strong>dignaarchiepiscopaliet</strong></span> 
     </span>
     <span class='ocr_line' id='line_1_18' title="bbox 593 2637 1566 2730; baseline 0.003 -25"><span class='ocrx_word' id='word_1_113' title='bbox 593 2637 748 2706; x_wconf 82' lang='lat' dir='ltr'><strong>fraterno</strong></span> <span class='ocrx_word' id='word_1_114' title='bbox 761 2643 856 2708; x_wconf 89' lang='lat' dir='ltr'><strong>statu</strong></span> <span class='ocrx_word' id='word_1_115' title='bbox 868 2638 1047 2730; x_wconf 89' lang='lat' dir='ltr'><strong>petiturus</strong></span> <span class='ocrx_word' id='word_1_116' title='bbox 1057 2639 1207 2708; x_wconf 89' lang='lat' dir='ltr'><strong>auxilia:</strong></span> <span class='ocrx_word' id='word_1_117' title='bbox 1221 2661 1291 2709; x_wconf 78' lang='lat' dir='ltr'><strong>aere</strong></span> <span class='ocrx_word' id='word_1_118' title='bbox 1302 2639 1441 2708; x_wconf 89' lang='lat' dir='ltr'><strong>modico</strong></span> <span class='ocrx_word' id='word_1_119' title='bbox 1452 2640 1566 2719; x_wconf 91' lang='lat' dir='ltr'><strong>illum,</strong></span> 
     </span>
     <span class='ocr_line' id='line_1_19' title="bbox 593 2749 1628 2843; baseline 0.002 -25"><span class='ocrx_word' id='word_1_120' title='bbox 593 2750 802 2843; x_wconf 90' lang='lat' dir='ltr'><strong>duabusque</strong></span> <span class='ocrx_word' id='word_1_121' title='bbox 827 2749 1014 2820; x_wconf 88' lang='lat' dir='ltr'><strong>mediocris</strong></span> <span class='ocrx_word' id='word_1_122' title='bbox 1035 2757 1199 2843; x_wconf 90' lang='lat' dir='ltr'><strong>sumptus</strong></span> <span class='ocrx_word' id='word_1_123' title='bbox 1221 2751 1391 2820; x_wconf 90' lang='lat' dir='ltr'><strong>donatum</strong></span> <span class='ocrx_word' id='word_1_124' title='bbox 1408 2751 1570 2821; x_wconf 83' lang='lat' dir='ltr'><strong>uestibus</strong></span> <span class='ocrx_word' id='word_1_125' title='bbox 1627 2766 1628 2777; x_wconf 60' lang='lat'>¹</span> 
     </span>
     <span class='ocr_line' id='line_1_20' title="bbox 593 2861 1569 2962; baseline 0.005 -32"><span class='ocrx_word' id='word_1_126' title='bbox 593 2861 745 2962; x_wconf 67' lang='lat' dir='ltr'><strong>dimisit3</strong></span> <span class='ocrx_word' id='word_1_127' title='bbox 764 2862 1035 2954; x_wconf 87' lang='lat' dir='ltr'><strong>superadjecto:</strong></span> <span class='ocrx_word' id='word_1_128' title='bbox 1053 2861 1189 2932; x_wconf 84' lang='lat' dir='ltr'><strong>reditus</strong></span> <span class='ocrx_word' id='word_1_129' title='bbox 1215 2861 1372 2931; x_wconf 83' lang='lat' dir='ltr'><strong>ecelesiae</strong></span> <span class='ocrx_word' id='word_1_130' title='bbox 1394 2861 1430 2928; x_wconf 92' lang='lat' dir='ltr'><strong>in</strong></span> <span class='ocrx_word' id='word_1_131' title='bbox 1454 2861 1569 2953; x_wconf 90' lang='lat' dir='ltr'><strong>ipsam</strong></span> 
     </span>
     <span class='ocr_line' id='line_1_21' title="bbox 593 2964 1628 3066; baseline -0.003 -22"><span class='ocrx_word' id='word_1_132' title='bbox 593 2973 776 3044; x_wconf 88' lang='lat' dir='ltr'><strong>ecclesiam</strong></span> <span class='ocrx_word' id='word_1_133' title='bbox 792 2979 828 3042; x_wconf 89' lang='lat' dir='ltr'><strong>et</strong></span> <span class='ocrx_word' id='word_1_134' title='bbox 842 2994 1018 3066; x_wconf 89' lang='lat' dir='ltr'><strong>pauperes</strong></span> <span class='ocrx_word' id='word_1_135' title='bbox 1040 2973 1289 3054; x_wconf 81' lang='lat' dir='ltr'><strong>effundendos3</strong></span> <span class='ocrx_word' id='word_1_136' title='bbox 1304 2972 1380 3064; x_wconf 90' lang='lat' dir='ltr'><strong>ipse</strong></span> <span class='ocrx_word' id='word_1_137' title='bbox 1399 2993 1484 3043; x_wconf 87' lang='lat' dir='ltr'><strong>vero</strong></span> <span class='ocrx_word' id='word_1_138' title='bbox 1500 2975 1571 3042; x_wconf 92' lang='lat' dir='ltr'><strong>ho-</strong></span> <span class='ocrx_word' id='word_1_139' title='bbox 1627 2964 1628 2997; x_wconf 63' lang='lat'>¹</span> 
     </span>
     <span class='ocr_line' id='line_1_22' title="bbox 594 3081 1571 3175; baseline -0.001 -24"><span class='ocrx_word' id='word_1_140' title='bbox 594 3089 693 3152; x_wconf 91' lang='lat' dir='ltr'><strong>nesta</strong></span> <span class='ocrx_word' id='word_1_141' title='bbox 706 3081 942 3152; x_wconf 89' lang='lat' dir='ltr'><strong>sollicitudine</strong></span> <span class='ocrx_word' id='word_1_142' title='bbox 956 3082 1022 3151; x_wconf 90' lang='lat' dir='ltr'><strong>sibi</strong></span> <span class='ocrx_word' id='word_1_143' title='bbox 1034 3089 1268 3152; x_wconf 88' lang='lat' dir='ltr'><strong>succurreret.</strong></span> <span class='ocrx_word' id='word_1_144' title='bbox 1285 3082 1468 3151; x_wconf 88' lang='lat' dir='ltr'><strong>Itineranti</strong></span> <span class='ocrx_word' id='word_1_145' title='bbox 1483 3105 1571 3175; x_wconf 85' lang='lat' dir='ltr'><strong>pau·</strong></span> 
     </span>
     <span class='ocr_line' id='line_1_23' title="bbox 593 3193 1569 3288; baseline 0 -25"><span class='ocrx_word' id='word_1_146' title='bbox 593 3217 656 3288; x_wconf 87' lang='lat' dir='ltr'><strong>per</strong></span> <span class='ocrx_word' id='word_1_147' title='bbox 671 3193 825 3263; x_wconf 88' lang='lat' dir='ltr'><strong>occurrit</strong></span> <span class='ocrx_word' id='word_1_148' title='bbox 837 3215 946 3262; x_wconf 85' lang='lat' dir='ltr'><strong>senex</strong></span> <span class='ocrx_word' id='word_1_149' title='bbox 958 3193 1086 3285; x_wconf 84' lang='lat' dir='ltr'><strong>stipem</strong></span> <span class='ocrx_word' id='word_1_150' title='bbox 1101 3193 1324 3263; x_wconf 89' lang='lat' dir='ltr'><strong>mendicans:</strong></span> <span class='ocrx_word' id='word_1_151' title='bbox 1341 3194 1510 3263; x_wconf 88' lang='lat' dir='ltr'><strong>daturum</strong></span> <span class='ocrx_word' id='word_1_152' title='bbox 1533 3216 1569 3263; x_wconf 89' lang='lat' dir='ltr'><strong>se</strong></span> 
     </span>
     <span class='ocr_line' id='line_1_24' title="bbox 592 3303 1572 3398; baseline -0.001 -25"><span class='ocrx_word' id='word_1_153' title='bbox 592 3305 729 3398; x_wconf 89' lang='lat' dir='ltr'><strong>recipit,</strong></span> <span class='ocrx_word' id='word_1_154' title='bbox 749 3303 777 3373; x_wconf 92' lang='lat' dir='ltr'><strong>si</strong></span> <span class='ocrx_word' id='word_1_155' title='bbox 793 3305 1022 3375; x_wconf 88' lang='lat' dir='ltr'><strong>eonfiteretur</strong></span> <span class='ocrx_word' id='word_1_156' title='bbox 1034 3327 1043 3386; x_wconf 93' lang='lat'>;</span> <span class='ocrx_word' id='word_1_157' title='bbox 1056 3306 1208 3384; x_wconf 73' lang='lat' dir='ltr'><strong>harere,</strong></span> <span class='ocrx_word' id='word_1_158' title='bbox 1228 3304 1450 3396; x_wconf 89' lang='lat' dir='ltr'><strong>tergiversari</strong></span> <span class='ocrx_word' id='word_1_159' title='bbox 1462 3326 1572 3374; x_wconf 92' lang='lat' dir='ltr'><strong>men-</strong></span> 
     </span>
    </p>

    <p class='ocr_par' dir='ltr' id='par_1_6' title="bbox 572 3417 1575 4170">
     <span class='ocr_line' id='line_1_25' title="bbox 572 3417 1570 3510; baseline 0 -23"><span class='ocrx_word' id='word_1_160' title='bbox 572 3477 576 3487; x_wconf 90' lang='lat'><strong>.</strong></span> <span class='ocrx_word' id='word_1_161' title='bbox 592 3418 692 3487; x_wconf 91' lang='lat' dir='ltr'><strong>dicus</strong></span> <span class='ocrx_word' id='word_1_162' title='bbox 704 3417 831 3510; x_wconf 88' lang='lat' dir='ltr'><strong>primo,</strong></span> <span class='ocrx_word' id='word_1_163' title='bbox 849 3417 930 3486; x_wconf 92' lang='lat' dir='ltr'><strong>dein</strong></span> <span class='ocrx_word' id='word_1_164' title='bbox 941 3417 1136 3497; x_wconf 91' lang='lat' dir='ltr'><strong>mollefieri,</strong></span> <span class='ocrx_word' id='word_1_165' title='bbox 1150 3417 1323 3510; x_wconf 90' lang='lat' dir='ltr'><strong>faterique</strong></span> <span class='ocrx_word' id='word_1_166' title='bbox 1337 3439 1374 3487; x_wconf 93' lang='lat' dir='ltr'><strong>se</strong></span> <span class='ocrx_word' id='word_1_167' title='bbox 1385 3440 1570 3510; x_wconf 91' lang='lat' dir='ltr'><strong>nunquam</strong></span> 
     </span>
     <span class='ocr_line' id='line_1_26' title="bbox 593 3528 1570 3620; baseline 0.001 -22"><span class='ocrx_word' id='word_1_168' title='bbox 593 3530 793 3599; x_wconf 86' lang='lat' dir='ltr'><strong>confessum</strong></span> <span class='ocrx_word' id='word_1_169' title='bbox 805 3528 933 3611; x_wconf 90' lang='lat' dir='ltr'><strong>fuisse;</strong></span> <span class='ocrx_word' id='word_1_170' title='bbox 951 3530 1094 3598; x_wconf 91' lang='lat' dir='ltr'><strong>demum</strong></span> <span class='ocrx_word' id='word_1_171' title='bbox 1106 3550 1225 3598; x_wconf 91' lang='lat' dir='ltr'><strong>amaro</strong></span> <span class='ocrx_word' id='word_1_172' title='bbox 1238 3529 1469 3620; x_wconf 76' lang='lat' dir='ltr'><strong>lacrymarum</strong></span> <span class='ocrx_word' id='word_1_173' title='bbox 1486 3552 1570 3599; x_wconf 89' lang='lat' dir='ltr'><strong>cum</strong></span> 
     </span>
     <span class='ocr_line' id='line_1_27' title="bbox 592 3638 1573 3734; baseline 0.002 -26"><span class='ocrx_word' id='word_1_174' title='bbox 592 3640 785 3734; x_wconf 87' lang='lat' dir='ltr'><strong>profluvio,</strong></span> <span class='ocrx_word' id='word_1_175' title='bbox 809 3638 942 3709; x_wconf 91' lang='lat' dir='ltr'><strong>scelera</strong></span> <span class='ocrx_word' id='word_1_176' title='bbox 965 3661 1029 3708; x_wconf 92' lang='lat' dir='ltr'><strong>sua</strong></span> <span class='ocrx_word' id='word_1_177' title='bbox 1043 3641 1232 3731; x_wconf 73' lang='lat' dir='ltr'><strong>iosaphato</strong></span> <span class='ocrx_word' id='word_1_178' title='bbox 1255 3639 1404 3709; x_wconf 87' lang='lat' dir='ltr'><strong>edicere.</strong></span> <span class='ocrx_word' id='word_1_179' title='bbox 1422 3639 1573 3710; x_wconf 82' lang='lat' dir='ltr'><strong>Absolu-</strong></span> 
     </span>
     <span class='ocr_line' id='line_1_28' title="bbox 595 3749 1571 3843; baseline 0.001 -22"><span class='ocrx_word' id='word_1_180' title='bbox 595 3761 670 3821; x_wconf 88' lang='lat' dir='ltr'><strong>tum</strong></span> <span class='ocrx_word' id='word_1_181' title='bbox 690 3751 793 3820; x_wconf 89' lang='lat' dir='ltr'><strong>solito</strong></span> <span class='ocrx_word' id='word_1_182' title='bbox 807 3749 958 3843; x_wconf 90' lang='lat' dir='ltr'><strong>largiore</strong></span> <span class='ocrx_word' id='word_1_183' title='bbox 973 3758 1180 3820; x_wconf 89' lang='lat' dir='ltr'><strong>muneratus</strong></span> <span class='ocrx_word' id='word_1_184' title='bbox 1203 3751 1444 3842; x_wconf 74' lang='lat' dir='ltr'><strong>eleemosyna,</strong></span> <span class='ocrx_word' id='word_1_185' title='bbox 1462 3754 1571 3843; x_wconf 91' lang='lat' dir='ltr'><strong>paulo</strong></span> 
     </span>
     <span class='ocr_line' id='line_1_29' title="bbox 592 3863 1573 3958; baseline 0.001 -25"><span class='ocrx_word' id='word_1_186' title='bbox 592 3871 673 3958; x_wconf 88' lang='lat' dir='ltr'><strong>post</strong></span> <span class='ocrx_word' id='word_1_187' title='bbox 686 3865 884 3934; x_wconf 86' lang='lat' dir='ltr'><strong>extinctum</strong></span> <span class='ocrx_word' id='word_1_188' title='bbox 903 3863 1048 3932; x_wconf 90' lang='lat' dir='ltr'><strong>audivit.</strong></span> <span class='ocrx_word' id='word_1_189' title='bbox 1064 3867 1138 3946; x_wconf 85' lang='lat' dir='ltr'><strong>Quo</strong></span> <span class='ocrx_word' id='word_1_190' title='bbox 1156 3863 1302 3931; x_wconf 88' lang='lat' dir='ltr'><strong>salutari</strong></span> <span class='ocrx_word' id='word_1_191' title='bbox 1321 3884 1428 3955; x_wconf 91' lang='lat' dir='ltr'><strong>opere</strong></span> <span class='ocrx_word' id='word_1_192' title='bbox 1450 3887 1517 3934; x_wconf 91' lang='lat' dir='ltr'><strong>suo</strong></span> <span class='ocrx_word' id='word_1_193' title='bbox 1535 3872 1573 3934; x_wconf 84' lang='lat' dir='ltr'><strong>et</strong></span> 
     </span>
     <span class='ocr_line' id='line_1_30' title="bbox 592 3975 1575 4068; baseline 0 -22"><span class='ocrx_word' id='word_1_194' title='bbox 592 3977 743 4047; x_wconf 91' lang='lat' dir='ltr'><strong>mendici</strong></span> <span class='ocrx_word' id='word_1_195' title='bbox 774 3978 872 4047; x_wconf 87' lang='lat' dir='ltr'><strong>exitu</strong></span> <span class='ocrx_word' id='word_1_196' title='bbox 895 3976 1085 4046; x_wconf 91' lang='lat' dir='ltr'><strong>animosior</strong></span> <span class='ocrx_word' id='word_1_197' title='bbox 1115 3975 1382 4068; x_wconf 92' lang='lat' dir='ltr'><strong>promptiorque</strong></span> <span class='ocrx_word' id='word_1_198' title='bbox 1401 3978 1575 4068; x_wconf 73' lang='lat' dir='ltr'><strong>iosaphat</strong></span> 
     </span>
     <span class='ocr_line' id='line_1_31' title="bbox 592 4087 1498 4170; baseline -0.004 -10"><span class='ocrx_word' id='word_1_199' title='bbox 592 4091 726 4170; x_wconf 57' lang='lat' dir='ltr'><strong>factus</strong></span> <span class='ocrx_word' id='word_1_200' title='bbox 753 4090 796 4158; x_wconf 93' lang='lat' dir='ltr'><strong>ad</strong></span> <span class='ocrx_word' id='word_1_201' title='bbox 817 4089 961 4160; x_wconf 82' lang='lat' dir='ltr'><strong>ferenda</strong></span> <span class='ocrx_word' id='word_1_202' title='bbox 980 4087 1166 4156; x_wconf 90' lang='lat' dir='ltr'><strong>animabus</strong></span> <span class='ocrx_word' id='word_1_203' title='bbox 1181 4087 1305 4156; x_wconf 86' lang='lat' dir='ltr'><strong>salutis</strong></span> <span class='ocrx_word' id='word_1_204' title='bbox 1325 4087 1498 4156; x_wconf 90' lang='lat' dir='ltr'><strong>subsidia.</strong></span> 
     </span>
    </p>
   </div>
   <div class='ocr_carea' id='block_1_6' title="bbox 0 0 1634 5477">
    <p class='ocr_par' dir='ltr' id='par_1_7' title="bbox 0 0 1634 5477">
     <span class='ocr_line' id='line_1_32' title="bbox 0 0 1634 5477; baseline 0 0"><span class='ocrx_word' id='word_1_205' title='bbox 0 0 1634 5477; x_wconf 95' lang='lat' dir='ltr'><strong> </strong></span> 
     </span>
    </p>
   </div>
  </div>
 </body>
</html>
