3259 5484
594 919 631 986 in
668 916 863 990 clarissimo
894 920 1095 988 Sanctitatis
1126 920 1259 987 Vestrae
1289 914 1567 1011 praedecessore,

593 1053 741 1126 Urbano
760 1061 860 1146 VIII,
871 1080 948 1128 eam
967 1060 1033 1153 piae
1050 1052 1261 1124 urbanitatis
1275 1060 1568 1152 nactusgratiam,

593 1205 633 1262 ut
645 1190 692 1261 ad
706 1190 823 1262 lucent
837 1190 1010 1280 eductus,
1030 1195 1156 1259 Beatos
1170 1192 1262 1257 inter
1275 1185 1453 1259 coelicolas
1467 1188 1571 1259 incia-

594 1329 715 1394 ruerit.
733 1323 853 1396 Nihilo
873 1329 987 1395 secius
1005 1328 1133 1394 iterum
1150 1322 1338 1421 iosaphat,
1360 1322 1406 1393 ad
1425 1332 1570 1396 sanctis-

593 1461 718 1527 simam
745 1463 837 1530 Petri
863 1473 1022 1555 petram,
1048 1457 1118 1529 boc
1141 1471 1195 1528 est
1216 1461 1348 1528 Vestrae
1372 1461 1571 1530 Sanctitatis

595 1594 737 1686 Sedem,
754 1611 790 1668 et
800 1613 939 1694 petreos
955 1611 1108 1687 montes,
1121 1612 1331 1692 aternoque
1344 1605 1571 1696 potestatisin

593 1728 777 1800 montibus
796 1729 925 1821 iucem,
941 1745 976 1802 et
992 1745 1145 1801 mentem
1172 1745 1207 1800 et
1226 1730 1351 1802 oculos
1363 1730 1457 1802 levat
1470 1758 1567 1824 suos,

594 1875 634 1931 ut
664 1860 748 1932 inde
776 1867 895 1932 veniat
922 1861 1092 1932 auxilium
1122 1860 1211 1952 sibi,
1242 1865 1361 1932 veniat
1386 1861 1572 1935 benedicta

594 1999 726 2066 Vestrae
744 1995 972 2094 benignitatis
993 2020 1146 2086 corona,
1161 1999 1280 2066 veniat
1294 1994 1356 2065 lux
1371 1995 1570 2069 sanctifica-

593 2137 699 2203 tionis
719 2131 885 2230 perfecta.
902 2132 965 2202 lile
985 2130 1145 2230 profecto
1158 2137 1234 2228 ipse
1246 2156 1329 2203 cum
1343 2145 1419 2201 toto
1432 2132 1572 2230 amplis·

594 2273 688 2338 simo*
707 2267 863 2338 Poloniae
877 2292 1006 2365 regnu,
1033 2291 1117 2336 cum
1135 2281 1208 2336 tota
1223 2270 1349 2335 Russia
1364 2270 1485 2356 unita,
1504 2267 1572 2338 hoc

593 2401 673 2472 exili
689 2408 725 2472 iu
748 2401 943 2492 volumine,
964 2401 1072 2472 altera
1088 2427 1198 2471 manu
1213 2407 1291 2472 vitae
1307 2400 1448 2491 iumen,
1465 2402 1572 2474 altera

593 2543 749 2634 martyrii
770 2537 906 2626 serens,
931 2538 977 2610 de
1001 2538 1093 2611 coelo
1116 2545 1214 2636 ipsu,
1233 2543 1365 2609 Vostrae
1388 2542 1572 2610 Sanctitati

593 2675 791 2774 supplicat,
817 2692 856 2747 ut
877 2702 941 2774 per
968 2701 1108 2747 sacrum
1136 2675 1294 2771 ejusdem
1323 2682 1359 2744 in
1388 2676 1573 2747 montibus

592 2812 732 2903 lumen,
749 2811 955 2910 plenissimo
970 2826 1176 2882 sanctorum
1190 2808 1326 2880 lumine
1340 2825 1546 2882 coronetur.

1070 3055 1200 3122 Vestrae
1223 3055 1424 3121 Sanctitatis

692 3207 913 3279 humillimus
926 3223 961 3278 et
974 3207 1243 3304 indignissimus
1256 3231 1398 3294 servus,

1121 3396 1275 3462 Jacoaus
1294 3394 1424 3480 Sasu,

956 3549 1120 3638 «uisuntur
1135 3549 1334 3618 Chabueusis
1350 3551 1479 3617 innitur.
