<?xml version="1.0" encoding="UTF-8"?>
<!DOCTYPE html PUBLIC "-//W3C//DTD XHTML 1.0 Transitional//EN"
    "http://www.w3.org/TR/xhtml1/DTD/xhtml1-transitional.dtd">
<html xmlns="http://www.w3.org/1999/xhtml" xml:lang="en" lang="en">
 <head>
  <title>
</title>
<meta http-equiv="Content-Type" content="text/html;charset=utf-8" />
  <meta name='ocr-system' content='tesseract 3.04.00' />
  <meta name='ocr-capabilities' content='ocr_page ocr_carea ocr_par ocr_line ocrx_word'/>
</head>
<body>
  <div class='ocr_page' id='page_1' title='image "./cursusvitetcert00martgoog_0099.png"; bbox 0 0 3259 5484; ppageno 0'>
   <div class='ocr_carea' id='block_1_1' title="bbox 445 697 622 767">
    <p class='ocr_par' dir='ltr' id='par_1_1' title="bbox 445 697 622 767">
     <span class='ocr_line' id='line_1_1' title="bbox 445 697 622 767; baseline -0.034 -14"><span class='ocrx_word' id='word_1_1' title='bbox 445 697 622 767; x_wconf 77' lang='grc'>..75-</span> 
     </span>
    </p>
   </div>
   <div class='ocr_carea' id='block_1_2' title="bbox 52 857 1296 2295">
    <p class='ocr_par' dir='ltr' id='par_1_2' title="bbox 52 857 1079 2068">
     <span class='ocr_line' id='line_1_2' title="bbox 57 857 1022 951; baseline 0 -24"><span class='ocrx_word' id='word_1_2' title='bbox 57 859 198 949; x_wconf 71' lang='lat' dir='ltr'>praesule</span> <span class='ocrx_word' id='word_1_3' title='bbox 211 859 451 951; x_wconf 79' lang='lat' dir='ltr'>subsequente</span> <span class='ocrx_word' id='word_1_4' title='bbox 464 857 623 949; x_wconf 85' lang='lat' dir='ltr'>exsequi,</span> <span class='ocrx_word' id='word_1_5' title='bbox 637 863 741 927; x_wconf 88' lang='lat' dir='ltr'>etoor</span> <span class='ocrx_word' id='word_1_6' title='bbox 752 857 868 948; x_wconf 90' lang='lat' dir='ltr'>ipsum</span> <span class='ocrx_word' id='word_1_7' title='bbox 877 862 1022 948; x_wconf 86' lang='lat' dir='ltr'>tangere</span> 
     </span>
     <span class='ocr_line' id='line_1_3' title="bbox 56 968 1079 1059; baseline 0 -24"><span class='ocrx_word' id='word_1_8' title='bbox 56 969 194 1059; x_wconf 80' lang='lat' dir='ltr'>parabat</span> <span class='ocrx_word' id='word_1_9' title='bbox 209 992 216 1036; x_wconf 91' lang='lat'>:</span> <span class='ocrx_word' id='word_1_10' title='bbox 232 991 313 1037; x_wconf 90' lang='lat' dir='ltr'>oum</span> <span class='ocrx_word' id='word_1_11' title='bbox 328 968 498 1038; x_wconf 87' lang='lat' dir='ltr'>obversus</span> <span class='ocrx_word' id='word_1_12' title='bbox 509 969 552 1036; x_wconf 84' lang='lat' dir='ltr'>ad</span> <span class='ocrx_word' id='word_1_13' title='bbox 565 989 713 1059; x_wconf 89' lang='lat' dir='ltr'>parvum</span> <span class='ocrx_word' id='word_1_14' title='bbox 727 990 747 1035; x_wconf 89' lang='lat' dir='ltr'>a</span> <span class='ocrx_word' id='word_1_15' title='bbox 760 974 859 1059; x_wconf 82' lang='lat' dir='ltr'>tergo</span> <span class='ocrx_word' id='word_1_16' title='bbox 871 972 1023 1037; x_wconf 86' lang='lat' dir='ltr'>stantem</span> <span class='ocrx_word' id='word_1_17' title='bbox 1076 976 1079 981; x_wconf 77' lang='grc'><em>’</em></span> 
     </span>
     <span class='ocr_line' id='line_1_4' title="bbox 55 1079 1020 1173; baseline 0.002 -27"><span class='ocrx_word' id='word_1_18' title='bbox 55 1080 179 1160; x_wconf 88' lang='lat' dir='ltr'>filium,</span> <span class='ocrx_word' id='word_1_19' title='bbox 205 1082 403 1173; x_wconf 91' lang='lat' dir='ltr'>ponderare</span> <span class='ocrx_word' id='word_1_20' title='bbox 431 1080 615 1172; x_wconf 88' lang='lat' dir='ltr'>coepisset,</span> <span class='ocrx_word' id='word_1_21' title='bbox 645 1079 821 1148; x_wconf 89' lang='lat' dir='ltr'>trucidato</span> <span class='ocrx_word' id='word_1_22' title='bbox 850 1079 1020 1171; x_wconf 79' lang='lat' dir='ltr'>praesule,</span> 
     </span>
     <span class='ocr_line' id='line_1_5' title="bbox 54 1185 1025 1285; baseline 0.006 -28"><span class='ocrx_word' id='word_1_23' title='bbox 54 1192 162 1283; x_wconf 90' lang='lat' dir='ltr'>ipsum</span> <span class='ocrx_word' id='word_1_24' title='bbox 176 1185 386 1274; x_wconf 76' lang='lat' dir='ltr'>evasurum,</span> <span class='ocrx_word' id='word_1_25' title='bbox 403 1215 625 1285; x_wconf 85' lang='lat' dir='ltr'>nequequam</span> <span class='ocrx_word' id='word_1_26' title='bbox 646 1192 778 1273; x_wconf 89' lang='lat' dir='ltr'>filium,</span> <span class='ocrx_word' id='word_1_27' title='bbox 794 1192 899 1285; x_wconf 86' lang='lat' dir='ltr'>quisi</span> <span class='ocrx_word' id='word_1_28' title='bbox 914 1214 1025 1285; x_wconf 85' lang='lat' dir='ltr'>cepe-</span> 
     </span>
     <span class='ocr_line' id='line_1_6' title="bbox 53 1302 1024 1395; baseline 0.001 -26"><span class='ocrx_word' id='word_1_29' title='bbox 53 1309 167 1382; x_wconf 89' lang='lat' dir='ltr'>retnr,</span> <span class='ocrx_word' id='word_1_30' title='bbox 197 1303 294 1372; x_wconf 86' lang='lat' dir='ltr'>necis</span> <span class='ocrx_word' id='word_1_31' title='bbox 324 1308 502 1373; x_wconf 75' lang='lat' dir='ltr'>auctorem</span> <span class='ocrx_word' id='word_1_32' title='bbox 534 1302 803 1395; x_wconf 87' lang='lat' dir='ltr'>propalandum.</span> <span class='ocrx_word' id='word_1_33' title='bbox 831 1305 946 1394; x_wconf 82' lang='lat' dir='ltr'>Atque</span> <span class='ocrx_word' id='word_1_34' title='bbox 976 1302 1024 1371; x_wconf 90' lang='lat' dir='ltr'>ita</span> 
     </span>
     <span class='ocr_line' id='line_1_7' title="bbox 54 1414 1023 1485; baseline 0.006 -6"><span class='ocrx_word' id='word_1_35' title='bbox 54 1414 217 1483; x_wconf 88' lang='lat' dir='ltr'>scelestus</span> <span class='ocrx_word' id='word_1_36' title='bbox 231 1414 298 1483; x_wconf 90' lang='lat' dir='ltr'>istc</span> <span class='ocrx_word' id='word_1_37' title='bbox 314 1415 358 1483; x_wconf 91' lang='lat' dir='ltr'>ab</span> <span class='ocrx_word' id='word_1_38' title='bbox 370 1414 508 1485; x_wconf 90' lang='lat' dir='ltr'>intento</span> <span class='ocrx_word' id='word_1_39' title='bbox 523 1414 701 1485; x_wconf 90' lang='lat' dir='ltr'>cohibitus</span> <span class='ocrx_word' id='word_1_40' title='bbox 726 1416 893 1485; x_wconf 86' lang='lat' dir='ltr'>facinore.</span> <span class='ocrx_word' id='word_1_41' title='bbox 923 1416 1023 1485; x_wconf 85' lang='lat' dir='ltr'><strong>Enim</strong></span> 
     </span>
     <span class='ocr_line' id='line_1_8' title="bbox 54 1527 1020 1619; baseline 0.004 -27"><span class='ocrx_word' id='word_1_42' title='bbox 54 1547 129 1593; x_wconf 90' lang='lat' dir='ltr'>vero</span> <span class='ocrx_word' id='word_1_43' title='bbox 144 1549 215 1596; x_wconf 90' lang='lat' dir='ltr'>non</span> <span class='ocrx_word' id='word_1_44' title='bbox 228 1528 360 1619; x_wconf 84' lang='lat' dir='ltr'>praesul</span> <span class='ocrx_word' id='word_1_45' title='bbox 376 1528 472 1619; x_wconf 91' lang='lat' dir='ltr'>ipse,</span> <span class='ocrx_word' id='word_1_46' title='bbox 501 1549 570 1596; x_wconf 93' lang='lat' dir='ltr'>non</span> <span class='ocrx_word' id='word_1_47' title='bbox 586 1527 720 1608; x_wconf 88' lang='lat' dir='ltr'>clerus,</span> <span class='ocrx_word' id='word_1_48' title='bbox 738 1549 808 1596; x_wconf 91' lang='lat' dir='ltr'>non</span> <span class='ocrx_word' id='word_1_49' title='bbox 825 1528 1020 1608; x_wconf 86' lang='lat' dir='ltr'>servitium,</span> 
     </span>
     <span class='ocr_line' id='line_1_9' title="bbox 53 1637 1020 1730; baseline 0.004 -27"><span class='ocrx_word' id='word_1_50' title='bbox 53 1637 102 1704; x_wconf 88' lang='lat' dir='ltr'>vel</span> <span class='ocrx_word' id='word_1_51' title='bbox 126 1638 279 1707; x_wconf 83' lang='lat' dir='ltr'>maxime</span> <span class='ocrx_word' id='word_1_52' title='bbox 301 1637 476 1717; x_wconf 91' lang='lat' dir='ltr'>Vitebsci,</span> <span class='ocrx_word' id='word_1_53' title='bbox 496 1660 701 1730; x_wconf 89' lang='lat' dir='ltr'>comparere</span> <span class='ocrx_word' id='word_1_54' title='bbox 720 1659 876 1730; x_wconf 84' lang='lat' dir='ltr'>unquam</span> <span class='ocrx_word' id='word_1_55' title='bbox 893 1638 1020 1730; x_wconf 92' lang='lat' dir='ltr'>potuit,</span> 
     </span>
     <span class='ocr_line' id='line_1_10' title="bbox 53 1750 1024 1843; baseline 0.003 -27"><span class='ocrx_word' id='word_1_56' title='bbox 53 1750 131 1839; x_wconf 91' lang='lat' dir='ltr'>quin</span> <span class='ocrx_word' id='word_1_57' title='bbox 145 1753 201 1820; x_wconf 89' lang='lat' dir='ltr'>vel</span> <span class='ocrx_word' id='word_1_58' title='bbox 215 1751 345 1832; x_wconf 89' lang='lat' dir='ltr'>verbis,</span> <span class='ocrx_word' id='word_1_59' title='bbox 361 1752 416 1821; x_wconf 91' lang='lat' dir='ltr'>vel</span> <span class='ocrx_word' id='word_1_60' title='bbox 435 1752 656 1833; x_wconf 88' lang='lat' dir='ltr'>verberibus,</span> <span class='ocrx_word' id='word_1_61' title='bbox 674 1753 729 1823; x_wconf 87' lang='lat' dir='ltr'>vel</span> <span class='ocrx_word' id='word_1_62' title='bbox 751 1751 891 1822; x_wconf 85' lang='lat' dir='ltr'>emissis</span> <span class='ocrx_word' id='word_1_63' title='bbox 913 1752 1024 1843; x_wconf 82' lang='lat' dir='ltr'>jacti-</span> 
     </span>
     <span class='ocr_line' id='line_1_11' title="bbox 53 1863 1024 1957; baseline 0.002 -28"><span class='ocrx_word' id='word_1_64' title='bbox 53 1863 114 1931; x_wconf 88' lang='lat' dir='ltr'>bus</span> <span class='ocrx_word' id='word_1_65' title='bbox 145 1872 182 1935; x_wconf 92' lang='lat' dir='ltr'>et</span> <span class='ocrx_word' id='word_1_66' title='bbox 206 1865 408 1957; x_wconf 83' lang='lat' dir='ltr'>lapidibus,</span> <span class='ocrx_word' id='word_1_67' title='bbox 443 1865 499 1935; x_wconf 90' lang='lat' dir='ltr'>vel</span> <span class='ocrx_word' id='word_1_68' title='bbox 523 1865 591 1933; x_wconf 91' lang='lat' dir='ltr'>alia</span> <span class='ocrx_word' id='word_1_69' title='bbox 616 1865 739 1957; x_wconf 91' lang='lat' dir='ltr'>quavis</span> <span class='ocrx_word' id='word_1_70' title='bbox 775 1870 1024 1957; x_wconf 79' lang='lat' dir='ltr'>premerentur</span> 
     </span>
     <span class='ocr_line' id='line_1_12' title="bbox 52 1974 448 2068; baseline 0.005 -27"><span class='ocrx_word' id='word_1_71' title='bbox 52 1974 279 2068; x_wconf 86' lang='lat' dir='ltr'>despectuum</span> <span class='ocrx_word' id='word_1_72' title='bbox 300 1976 448 2045; x_wconf 89' lang='lat' dir='ltr'>ratione.</span> 
     </span>
    </p>

    <p class='ocr_par' dir='ltr' id='par_1_3' title="bbox 52 2088 1296 2295">
     <span class='ocr_line' id='line_1_13' title="bbox 89 2088 1296 2169; baseline 0.003 -13"><span class='ocrx_word' id='word_1_73' title='bbox 89 2094 175 2158; x_wconf 86' lang='lat' dir='ltr'>Dum</span> <span class='ocrx_word' id='word_1_74' title='bbox 200 2088 288 2158; x_wconf 87' lang='lat' dir='ltr'>alias</span> <span class='ocrx_word' id='word_1_75' title='bbox 316 2090 475 2159; x_wconf 80' lang='lat' dir='ltr'>visitaret</span> <span class='ocrx_word' id='word_1_76' title='bbox 504 2089 684 2169; x_wconf 88' lang='lat' dir='ltr'>civitates,</span> <span class='ocrx_word' id='word_1_77' title='bbox 711 2113 776 2161; x_wconf 88' lang='lat' dir='ltr'>nec</span> <span class='ocrx_word' id='word_1_78' title='bbox 800 2092 1023 2161; x_wconf 86' lang='lat' dir='ltr'>Mohiloviam</span> <span class='ocrx_word' id='word_1_79' title='bbox 1051 2122 1296 2169; x_wconf 53' lang='lat' dir='ltr'>hartmannum„</span> 
     </span>
     <span class='ocr_line' id='line_1_14' title="bbox 52 2198 1201 2295; baseline 0.004 -28"><span class='ocrx_word' id='word_1_80' title='bbox 52 2200 200 2292; x_wconf 84' lang='lat' dir='ltr'>reliquit.</span> <span class='ocrx_word' id='word_1_81' title='bbox 229 2201 297 2269; x_wconf 86' lang='lat' dir='ltr'>Sed</span> <span class='ocrx_word' id='word_1_82' title='bbox 317 2198 585 2269; x_wconf 86' lang='lat' dir='ltr'>Mohilovienses</span> <span class='ocrx_word' id='word_1_83' title='bbox 611 2200 756 2271; x_wconf 91' lang='lat' dir='ltr'>introitu</span> <span class='ocrx_word' id='word_1_84' title='bbox 790 2224 869 2271; x_wconf 90' lang='lat' dir='ltr'>eum</span> <span class='ocrx_word' id='word_1_85' title='bbox 898 2203 1025 2295; x_wconf 88' lang='lat' dir='ltr'>prohi-</span> <span class='ocrx_word' id='word_1_86' title='bbox 1145 2200 1201 2231; x_wconf 76' lang='lat'>⁰⁰¹⁰·</span> 
     </span>
    </p>
   </div>
   <div class='ocr_carea' id='block_1_3' title="bbox 46 2316 1272 4198">
    <p class='ocr_par' dir='ltr' id='par_1_4' title="bbox 46 2316 1272 4198">
     <span class='ocr_line' id='line_1_15' title="bbox 51 2316 1024 2408; baseline 0.004 -25"><span class='ocrx_word' id='word_1_87' title='bbox 51 2316 167 2387; x_wconf 90' lang='lat' dir='ltr'>buere.</span> <span class='ocrx_word' id='word_1_88' title='bbox 178 2320 308 2387; x_wconf 90' lang='lat' dir='ltr'>Omnes</span> <span class='ocrx_word' id='word_1_89' title='bbox 316 2338 443 2408; x_wconf 90' lang='lat' dir='ltr'>nempe</span> <span class='ocrx_word' id='word_1_90' title='bbox 457 2317 564 2385; x_wconf 82' lang='lat' dir='ltr'>armis</span> <span class='ocrx_word' id='word_1_91' title='bbox 579 2318 755 2398; x_wconf 86' lang='lat' dir='ltr'>instructi,</span> <span class='ocrx_word' id='word_1_92' title='bbox 770 2325 807 2389; x_wconf 90' lang='lat' dir='ltr'>et</span> <span class='ocrx_word' id='word_1_93' title='bbox 820 2326 920 2389; x_wconf 88' lang='lat' dir='ltr'>extra</span> <span class='ocrx_word' id='word_1_94' title='bbox 933 2320 1024 2389; x_wconf 85' lang='lat' dir='ltr'>vella</span> 
     </span>
     <span class='ocr_line' id='line_1_16' title="bbox 52 2430 1026 2522; baseline 0.003 -26"><span class='ocrx_word' id='word_1_95' title='bbox 52 2430 246 2522; x_wconf 80' lang='lat' dir='ltr'>progressi,</span> <span class='ocrx_word' id='word_1_96' title='bbox 268 2430 716 2522; x_wconf 82' lang='lat' dir='ltr'>bellicaepropugnaculis</span> <span class='ocrx_word' id='word_1_97' title='bbox 739 2430 912 2522; x_wconf 88' lang='lat' dir='ltr'>vallisque</span> <span class='ocrx_word' id='word_1_98' title='bbox 945 2436 1026 2501; x_wconf 88' lang='lat' dir='ltr'>tor-</span> 
     </span>
     <span class='ocr_line' id='line_1_17' title="bbox 49 2541 1024 2635; baseline 0.002 -26"><span class='ocrx_word' id='word_1_99' title='bbox 49 2551 164 2611; x_wconf 87' lang='lat' dir='ltr'>menta</span> <span class='ocrx_word' id='word_1_100' title='bbox 179 2565 380 2635; x_wconf 90' lang='lat' dir='ltr'>opposuere</span> <span class='ocrx_word' id='word_1_101' title='bbox 395 2598 404 2627; x_wconf 95' lang='lat'>,</span> <span class='ocrx_word' id='word_1_102' title='bbox 421 2541 666 2611; x_wconf 90' lang='lat' dir='ltr'>crudelissima</span> <span class='ocrx_word' id='word_1_103' title='bbox 685 2563 837 2633; x_wconf 82' lang='lat' dir='ltr'>quaeque</span> <span class='ocrx_word' id='word_1_104' title='bbox 860 2542 896 2609; x_wconf 92' lang='lat' dir='ltr'>in</span> <span class='ocrx_word' id='word_1_105' title='bbox 916 2542 1024 2611; x_wconf 88' lang='lat' dir='ltr'>vitam</span> 
     </span>
     <span class='ocr_line' id='line_1_18' title="bbox 50 2651 1021 2743; baseline 0.001 -23"><span class='ocrx_word' id='word_1_106' title='bbox 50 2654 198 2742; x_wconf 88' lang='lat' dir='ltr'>pastoris</span> <span class='ocrx_word' id='word_1_107' title='bbox 211 2652 345 2723; x_wconf 87' lang='lat' dir='ltr'>ausuri.</span> <span class='ocrx_word' id='word_1_108' title='bbox 362 2652 428 2735; x_wconf 84' lang='lat' dir='ltr'>Qui</span> <span class='ocrx_word' id='word_1_109' title='bbox 444 2652 525 2721; x_wconf 90' lang='lat' dir='ltr'>fidei</span> <span class='ocrx_word' id='word_1_110' title='bbox 541 2658 672 2721; x_wconf 81' lang='lat' dir='ltr'>sanctae</span> <span class='ocrx_word' id='word_1_111' title='bbox 691 2653 820 2721; x_wconf 91' lang='lat' dir='ltr'>ardens</span> <span class='ocrx_word' id='word_1_112' title='bbox 839 2651 1021 2743; x_wconf 88' lang='lat' dir='ltr'>obsequie,</span> 
     </span>
     <span class='ocr_line' id='line_1_19' title="bbox 50 2764 1065 2858; baseline 0.004 -27"><span class='ocrx_word' id='word_1_113' title='bbox 50 2764 80 2832; x_wconf 90' lang='lat' dir='ltr'>in</span> <span class='ocrx_word' id='word_1_114' title='bbox 108 2768 247 2836; x_wconf 89' lang='lat' dir='ltr'>medios</span> <span class='ocrx_word' id='word_1_115' title='bbox 273 2766 502 2845; x_wconf 86' lang='lat' dir='ltr'>laetissimus,</span> <span class='ocrx_word' id='word_1_116' title='bbox 526 2766 680 2858; x_wconf 87' lang='lat' dir='ltr'>vitaeque</span> <span class='ocrx_word' id='word_1_117' title='bbox 704 2766 874 2857; x_wconf 83' lang='lat' dir='ltr'>prodigus</span> <span class='ocrx_word' id='word_1_118' title='bbox 899 2766 1027 2835; x_wconf 89' lang='lat' dir='ltr'>ruebat</span> <span class='ocrx_word' id='word_1_119' title='bbox 1063 2823 1065 2826; x_wconf 91' lang='lat'>.</span> 
     </span>
     <span class='ocr_line' id='line_1_20' title="bbox 50 2863 1027 2968; baseline 0.005 -26"><span class='ocrx_word' id='word_1_120' title='bbox 50 2876 156 2968; x_wconf 82' lang='lat' dir='ltr'>ignes.</span> <span class='ocrx_word' id='word_1_121' title='bbox 180 2880 249 2948; x_wconf 86' lang='lat' dir='ltr'>Sed</span> <span class='ocrx_word' id='word_1_122' title='bbox 264 2878 370 2948; x_wconf 89' lang='lat' dir='ltr'>zelosi</span> <span class='ocrx_word' id='word_1_123' title='bbox 390 2877 590 2947; x_wconf 75' lang='lat' dir='ltr'>schismatis</span> <span class='ocrx_word' id='word_1_124' title='bbox 610 2863 798 2947; x_wconf 84' lang='lat' dir='ltr'>resistente</span> <span class='ocrx_word' id='word_1_125' title='bbox 821 2878 972 2958; x_wconf 80' lang='lat' dir='ltr'>ferocia,</span> <span class='ocrx_word' id='word_1_126' title='bbox 991 2882 1027 2947; x_wconf 90' lang='lat' dir='ltr'>et</span> 
     </span>
     <span class='ocr_line' id='line_1_21' title="bbox 49 2990 1027 3081; baseline 0.001 -25"><span class='ocrx_word' id='word_1_127' title='bbox 49 2990 301 3061; x_wconf 87' lang='lat' dir='ltr'>catholicorum</span> <span class='ocrx_word' id='word_1_128' title='bbox 322 2990 498 3059; x_wconf 91' lang='lat' dir='ltr'>submissa</span> <span class='ocrx_word' id='word_1_129' title='bbox 522 2990 791 3081; x_wconf 87' lang='lat' dir='ltr'>deprecatione,</span> <span class='ocrx_word' id='word_1_130' title='bbox 810 3011 917 3081; x_wconf 87' lang='lat' dir='ltr'>quam</span> <span class='ocrx_word' id='word_1_131' title='bbox 937 2990 1027 3059; x_wconf 70' lang='lat' dir='ltr'>desi·</span> 
     </span>
     <span class='ocr_line' id='line_1_22' title="bbox 49 3100 1024 3192; baseline 0.004 -25"><span class='ocrx_word' id='word_1_132' title='bbox 49 3100 204 3182; x_wconf 90' lang='lat' dir='ltr'>deravit,</span> <span class='ocrx_word' id='word_1_133' title='bbox 226 3102 261 3170; x_wconf 91' lang='lat' dir='ltr'>in</span> <span class='ocrx_word' id='word_1_134' title='bbox 277 3102 381 3169; x_wconf 92' lang='lat' dir='ltr'>aliam</span> <span class='ocrx_word' id='word_1_135' title='bbox 404 3101 625 3170; x_wconf 88' lang='lat' dir='ltr'>occasionem</span> <span class='ocrx_word' id='word_1_136' title='bbox 648 3100 838 3192; x_wconf 88' lang='lat' dir='ltr'>protelavit</span> <span class='ocrx_word' id='word_1_137' title='bbox 861 3108 1024 3171; x_wconf 87' lang='lat' dir='ltr'>mortem.</span> 
     </span>
     <span class='ocr_line' id='line_1_23' title="bbox 49 3210 1029 3302; baseline 0.002 -25"><span class='ocrx_word' id='word_1_138' title='bbox 49 3212 154 3281; x_wconf 83' lang='lat' dir='ltr'>Iidem</span> <span class='ocrx_word' id='word_1_139' title='bbox 180 3211 472 3291; x_wconf 89' lang='lat' dir='ltr'>Mohilovienses,</span> <span class='ocrx_word' id='word_1_140' title='bbox 501 3211 587 3280; x_wconf 89' lang='lat' dir='ltr'>alias</span> <span class='ocrx_word' id='word_1_141' title='bbox 611 3210 898 3302; x_wconf 68' lang='lat' dir='ltr'>archipresulem</span> <span class='ocrx_word' id='word_1_142' title='bbox 914 3232 1029 3281; x_wconf 85' lang='lat' dir='ltr'>acces-</span> 
     </span>
     <span class='ocr_line' id='line_1_24' title="bbox 48 3316 1272 3415; baseline 0.002 -24"><span class='ocrx_word' id='word_1_143' title='bbox 48 3332 181 3405; x_wconf 91' lang='lat' dir='ltr'>serunt,</span> <span class='ocrx_word' id='word_1_144' title='bbox 203 3324 348 3415; x_wconf 81' lang='lat' dir='ltr'>triginta</span> <span class='ocrx_word' id='word_1_145' title='bbox 356 3322 602 3415; x_wconf 87' lang='lat' dir='ltr'>polonicorum</span> <span class='ocrx_word' id='word_1_146' title='bbox 619 3322 834 3390; x_wconf 89' lang='lat' dir='ltr'>florenorum</span> <span class='ocrx_word' id='word_1_147' title='bbox 849 3322 1025 3405; x_wconf 87' lang='lat' dir='ltr'>millibus,</span> <span class='ocrx_word' id='word_1_148' title='bbox 1082 3316 1272 3359; x_wconf 63' lang='lat' dir='ltr'>⁹⁰⁰&#39;¹⁰l&#39;¹⁰¹¹¹&#39;¹¹²·</span> 
     </span>
     <span class='ocr_line' id='line_1_25' title="bbox 53 3431 1029 3524; baseline -0.001 -22"><span class='ocrx_word' id='word_1_149' title='bbox 53 3457 110 3502; x_wconf 90' lang='lat' dir='ltr'>seu</span> <span class='ocrx_word' id='word_1_150' title='bbox 126 3456 257 3503; x_wconf 90' lang='lat' dir='ltr'>novem</span> <span class='ocrx_word' id='word_1_151' title='bbox 274 3440 478 3524; x_wconf 87' lang='lat' dir='ltr'>scutorum,</span> <span class='ocrx_word' id='word_1_152' title='bbox 497 3433 708 3502; x_wconf 88' lang='lat' dir='ltr'>insolentem</span> <span class='ocrx_word' id='word_1_153' title='bbox 730 3431 910 3523; x_wconf 78' lang='lat' dir='ltr'>religionis</span> <span class='ocrx_word' id='word_1_154' title='bbox 924 3432 1029 3505; x_wconf 89' lang='lat' dir='ltr'>liber·</span> 
     </span>
     <span class='ocr_line' id='line_1_26' title="bbox 48 3542 1027 3636; baseline 0.001 -24"><span class='ocrx_word' id='word_1_155' title='bbox 48 3551 152 3614; x_wconf 91' lang='lat' dir='ltr'>tatem</span> <span class='ocrx_word' id='word_1_156' title='bbox 184 3544 362 3613; x_wconf 86' lang='lat' dir='ltr'>licitantes</span> <span class='ocrx_word' id='word_1_157' title='bbox 380 3567 388 3612; x_wconf 76' lang='grc' dir='ltr'>ε</span> <span class='ocrx_word' id='word_1_158' title='bbox 403 3544 630 3636; x_wconf 83' lang='lat' dir='ltr'>presbyteros</span> <span class='ocrx_word' id='word_1_159' title='bbox 659 3543 703 3611; x_wconf 91' lang='lat' dir='ltr'>ab</span> <span class='ocrx_word' id='word_1_160' title='bbox 727 3542 884 3613; x_wconf 87' lang='lat' dir='ltr'>ecclesiis</span> <span class='ocrx_word' id='word_1_161' title='bbox 905 3565 1027 3613; x_wconf 88' lang='lat' dir='ltr'>eorum</span> 
     </span>
     <span class='ocr_line' id='line_1_27' title="bbox 47 3654 1028 3737; baseline 0.001 -15"><span class='ocrx_word' id='word_1_162' title='bbox 47 3677 115 3725; x_wconf 93' lang='lat' dir='ltr'>non</span> <span class='ocrx_word' id='word_1_163' title='bbox 130 3662 331 3736; x_wconf 84' lang='lat' dir='ltr'>amoveret,</span> <span class='ocrx_word' id='word_1_164' title='bbox 351 3656 508 3727; x_wconf 83' lang='lat' dir='ltr'>exerceri</span> <span class='ocrx_word' id='word_1_165' title='bbox 524 3654 769 3723; x_wconf 90' lang='lat' dir='ltr'>orthodoxiam</span> <span class='ocrx_word' id='word_1_166' title='bbox 784 3654 929 3724; x_wconf 90' lang='lat' dir='ltr'>sineret.</span> <span class='ocrx_word' id='word_1_167' title='bbox 948 3656 1028 3737; x_wconf 83' lang='lat' dir='ltr'>oui-</span> 
     </span>
     <span class='ocr_line' id='line_1_28' title="bbox 48 3771 1029 3863; baseline 0.001 -22"><span class='ocrx_word' id='word_1_168' title='bbox 48 3774 112 3842; x_wconf 94' lang='lat' dir='ltr'>bus</span> <span class='ocrx_word' id='word_1_169' title='bbox 126 3775 203 3853; x_wconf 92' lang='lat' dir='ltr'>ille,</span> <span class='ocrx_word' id='word_1_170' title='bbox 221 3796 259 3842; x_wconf 93' lang='lat' dir='ltr'>se</span> <span class='ocrx_word' id='word_1_171' title='bbox 277 3774 474 3842; x_wconf 90' lang='lat' dir='ltr'>animarum</span> <span class='ocrx_word' id='word_1_172' title='bbox 491 3772 653 3852; x_wconf 90' lang='lat' dir='ltr'>salutem,</span> <span class='ocrx_word' id='word_1_173' title='bbox 678 3793 749 3840; x_wconf 90' lang='lat' dir='ltr'>non</span> <span class='ocrx_word' id='word_1_174' title='bbox 769 3771 955 3863; x_wconf 89' lang='lat' dir='ltr'>pecuniam</span> <span class='ocrx_word' id='word_1_175' title='bbox 971 3772 1029 3842; x_wconf 87' lang='lat' dir='ltr'>de-</span> 
     </span>
     <span class='ocr_line' id='line_1_29' title="bbox 48 3881 1028 3973; baseline 0.001 -23"><span class='ocrx_word' id='word_1_176' title='bbox 48 3883 204 3953; x_wconf 82' lang='lat' dir='ltr'>siderare</span> <span class='ocrx_word' id='word_1_177' title='bbox 219 3906 227 3965; x_wconf 84' lang='lat'>3</span> <span class='ocrx_word' id='word_1_178' title='bbox 247 3890 378 3952; x_wconf 87' lang='lat' dir='ltr'>etcum</span> <span class='ocrx_word' id='word_1_179' title='bbox 393 3883 452 3950; x_wconf 86' lang='lat' dir='ltr'>illa</span> <span class='ocrx_word' id='word_1_180' title='bbox 462 3881 566 3952; x_wconf 91' lang='lat' dir='ltr'>vendi</span> <span class='ocrx_word' id='word_1_181' title='bbox 581 3881 726 3951; x_wconf 88' lang='lat' dir='ltr'>minime</span> <span class='ocrx_word' id='word_1_182' title='bbox 738 3882 861 3973; x_wconf 84' lang='lat' dir='ltr'>possit,</span> <span class='ocrx_word' id='word_1_183' title='bbox 881 3904 945 3951; x_wconf 89' lang='lat' dir='ltr'>nec</span> <span class='ocrx_word' id='word_1_184' title='bbox 959 3882 1028 3951; x_wconf 88' lang='lat' dir='ltr'>ista</span> 
     </span>
     <span class='ocr_line' id='line_1_30' title="bbox 46 3994 1028 4085; baseline 0.002 -23"><span class='ocrx_word' id='word_1_185' title='bbox 46 3995 238 4066; x_wconf 87' lang='lat' dir='ltr'>insolentia</span> <span class='ocrx_word' id='word_1_186' title='bbox 248 3994 403 4064; x_wconf 90' lang='lat' dir='ltr'>concedi.</span> <span class='ocrx_word' id='word_1_187' title='bbox 417 3994 642 4066; x_wconf 85' lang='lat' dir='ltr'>ltlstislaviam</span> <span class='ocrx_word' id='word_1_188' title='bbox 654 3994 883 4073; x_wconf 88' lang='lat' dir='ltr'>descendens,</span> <span class='ocrx_word' id='word_1_189' title='bbox 900 4000 938 4063; x_wconf 92' lang='lat' dir='ltr'>ut</span> <span class='ocrx_word' id='word_1_190' title='bbox 951 4016 1028 4085; x_wconf 76' lang='lat' dir='ltr'>pas-</span> 
     </span>
     <span class='ocr_line' id='line_1_31' title="bbox 47 4105 1029 4198; baseline 0.004 -23"><span class='ocrx_word' id='word_1_191' title='bbox 47 4114 100 4176; x_wconf 90' lang='lat' dir='ltr'>tor</span> <span class='ocrx_word' id='word_1_192' title='bbox 122 4108 267 4187; x_wconf 91' lang='lat' dir='ltr'>bonus,</span> <span class='ocrx_word' id='word_1_193' title='bbox 293 4112 452 4176; x_wconf 90' lang='lat' dir='ltr'>errantes</span> <span class='ocrx_word' id='word_1_194' title='bbox 476 4105 639 4198; x_wconf 84' lang='lat' dir='ltr'>quaesivit</span> <span class='ocrx_word' id='word_1_195' title='bbox 659 4126 760 4187; x_wconf 84' lang='lat' dir='ltr'>oves3</span> <span class='ocrx_word' id='word_1_196' title='bbox 778 4105 839 4175; x_wconf 90' lang='lat' dir='ltr'>sed</span> <span class='ocrx_word' id='word_1_197' title='bbox 862 4116 898 4176; x_wconf 87' lang='lat' dir='ltr'>et</span> <span class='ocrx_word' id='word_1_198' title='bbox 912 4111 1029 4197; x_wconf 87' lang='lat' dir='ltr'>pasto-</span> 
     </span>
    </p>
   </div>
   <div class='ocr_carea' id='block_1_4' title="bbox 0 0 1634 5484">
    <p class='ocr_par' dir='ltr' id='par_1_5' title="bbox 0 0 1634 5484">
     <span class='ocr_line' id='line_1_32' title="bbox 0 0 1634 5484; baseline 0 4"><span class='ocrx_word' id='word_1_199' title='bbox 0 0 1634 5484; x_wconf 95' lang='lat' dir='ltr'> </span> 
     </span>
    </p>
   </div>
  </div>
 </body>
</html>
