3259 5484
947 661 1127 734 ..40-

551 809 668 890 nibus,
687 813 887 884 laventibus
899 815 1044 911 insuper
1058 819 1182 901 oeulis,
1198 843 1306 914 quam
1321 823 1521 916 longissime

552 930 828 1014 prosequuntur.

276 1067 389 1122 turrem·
411 1067 524 1117 runnu.
595 1051 715 1122 Adfuit
735 1074 828 1122 nona
838 1053 991 1146 januarii
1016 1057 1199 1149 sequentis
1227 1057 1315 1127 1618
1337 1060 1438 1140 anni,
1462 1060 1524 1128 in-

550 1163 687 1256 gressui
714 1167 894 1258 iosaphati
920 1168 1093 1238 Poloeiam
1117 1170 1316 1252 destinata3
1363 1193 1427 1264 pro
1453 1195 1526 1266 qua

550 1273 656 1354 cives,
672 1275 824 1357 nobiles,
838 1285 1030 1370 magnates,
1045 1302 1109 1372 per
1122 1280 1260 1350 litteras
1273 1282 1351 1374 ejus
1363 1282 1522 1365 invitati3

549 1407 667 1458 eomes
680 1387 785 1456 etiam
797 1387 1052 1460 introducendo
1064 1390 1400 1484 ipsi‚arege'lelieis
1409 1415 1526 1463 reeor-

549 1498 702 1568 dationis
723 1499 946 1592 sigismundo
967 1506 1011 1572 lll
1024 1503 1146 1583 datus,
1170 1503 1354 1572 lanussius
1375 1505 1524 1574 Skumin

550 1613 787 1706 Tyszlrievicz,
816 1615 929 1707 Magni
951 1619 1107 1686 Ducatus
1127 1617 1324 1687 lithuaniae
1349 1618 1520 1698 notarius,

549 1727 690 1795 eosdem
712 1725 808 1817 regio
823 1734 1009 1798 monuerat
1023 1729 1176 1798 nomine.
1193 1733 1279 1798 Dato
1291 1729 1411 1820 itaque
1424 1728 1524 1798 belli-

549 1857 669 1905 earum
702 1839 839 1932 aliquot
870 1843 1007 1934 fragore
1044 1841 1286 1910 machinarum
1315 1840 1350 1908 in
1383 1840 1522 1932 signum

549 1948 736 2030 adventus,
767 1951 811 2020 de
842 1953 1048 2044 magistratu
1079 1953 1293 2044 palatinatus
1319 1952 1457 2021 nobiles
1485 1963 1523 2021 et

548 2062 718 2154 praeoipui
734 2063 818 2144 viri,
840 2063 1054 2135 hiemalibus
1065 2065 1205 2134 obviam
1220 2086 1424 2157 processere
1445 2086 1522 2132 oar·

551 2175 688 2266 pontis;
724 2176 952 2268 magistratus
974 2178 1087 2248 civilis
1113 2178 1250 2268 integer
1279 2184 1381 2247 extra
1402 2184 1523 2268 portas
1556 2163 1565 2174 ’

550 2288 648 2357 urbis
685 2290 969 2381 praestolabatur.
1006 2291 1357 2383 Appropinquantem
1389 2289 1521 2358 civitati

549 2399 760 2489 praesulem,
795 2401 939 2492 quidam
976 2422 996 2470 e
1032 2401 1170 2470 civibus
1203 2401 1385 2480 seneeio,·
1407 2401 1522 2469 fausta

550 2512 798 2604 apprecatione
819 2513 977 2582 salutans
992 2515 1149 2595 monuit,
1171 2514 1311 2584 lortiter
1329 2513 1435 2583 fidem
1456 2535 1525 2581 ru-

550 2622 691 2691 thenam
709 2629 880 2693 tueretur.
897 2622 1093 2693 Notabilius
1107 2624 1288 2717 quidpiam
1308 2623 1399 2692 alius
1412 2622 1521 2691 civis:

549 2732 617 2801 iret
631 2733 667 2800 in
681 2733 822 2804 nomine
833 2734 982 2814 Domini,
999 2735 1030 2804 si
1043 2735 1136 2806 bono
1151 2735 1220 2807 iret
1233 2735 1321 2818 fine;
1338 2735 1394 2804 sin
1406 2756 1521 2815 secus,

549 2848 684 2918 utinam
714 2871 781 2919 non
808 2850 957 2919 intraret
986 2851 1172 2921 Polooiam.
1200 2855 1242 2920 Et
1270 2852 1347 2919 haeo
1374 2850 1523 2920 dieendo

550 2958 671 3028 unioni
681 2959 875 3040 timuerint,
889 2981 934 3028 an
946 2960 1127 3029 schismati
1143 2961 1337 3031 incertum:
1353 2956 1525 3029 noverant

548 3075 657 3156 onim,
676 3082 717 3145 ut
731 3077 882 3146 schisma
901 3077 1033 3146 odisset
1055 3078 1233 3168 iosaphat.
1255 3077 1322 3146 Sed
1343 3076 1523 3144 moderate

549 3195 741 3280 utrumque
752 3195 935 3282 acceptum
946 3211 967 3257 a
979 3190 1142 3280 praesule.
1158 3189 1383 3281 Progreditur
1395 3187 1524 3256 deinde

549 3299 624 3390 ipse
638 3301 782 3370 Michael
795 3301 1013 3382 Sokolinski,
1031 3302 1209 3395 palatinus
1222 3301 1435 3380 Polooensis,
1452 3324 1525 3392 pa·
1614 3290 1615 3293 '

549 3430 629 3479 rum
655 3418 912 3504 extremitas,
937 3413 1119 3503 splendida
1141 3413 1314 3482 nobilium
1337 3413 1524 3481 decoratus
1614 3424 1615 3429 ’

551 3521 766 3612 frequentia,
795 3545 902 3614 quem
929 3525 973 3593 de
1001 3525 1154 3593 rutheno
1180 3531 1285 3594 seotae
1318 3524 1524 3595 calvinianae
1614 3554 1615 3591 l

549 3633 692 3713 laetum,
708 3634 829 3704 labore
843 3636 1010 3727 iosaphat
1022 3656 1104 3715 suo,
1122 3635 1247 3705 Unioni
1261 3641 1391 3704 sanotae
1404 3656 1526 3727 aggre-

549 3754 702 3838 gaverat.
720 3751 807 3816 Data
829 3748 887 3816 hio
901 3769 946 3818 ex
962 3747 1156 3839 majoribus
1171 3747 1357 3817 tormentis
1377 3748 1524 3837 praesuli

550 3859 741 3929 salutatio:
759 3867 799 3930 ut
820 3883 921 3930 suam
947 3861 1041 3930 eives
1067 3859 1226 3928 laetitiam
1250 3866 1288 3928 et
1311 3857 1524 3948 obsequium

549 3979 775 4043 testarentur.
800 3976 887 4042 Cum
911 3971 1067 4041 universi
1092 3971 1195 4064 equis
1220 3978 1256 4041 et
1279 3969 1442 4040 curribus
1464 3971 1526 4041 de-
