3259 5484
465 713 644 782 ...11-

70 872 155 964 erigi
172 870 454 961 festivitatesque
470 871 675 942 solemniter
697 871 869 942 celebrari
884 874 1038 952 curavit,

70 984 180 1053 sedet
196 981 427 1074 semetipsum
447 981 622 1051 castitatis
637 981 915 1063 observatorem,
930 981 1043 1051 instar

69 1095 210 1186 templi,
230 1093 403 1163 exhibuit.
419 1094 486 1164 Sed
498 1096 575 1163 haee
596 1115 664 1162 vox
685 1093 728 1162 ad
742 1093 961 1185 probandam
975 1092 1041 1162 viri

67 1206 128 1275 Dei
144 1206 344 1276 castitatem
354 1206 531 1288 adhibita;
549 1207 593 1276 de
609 1205 765 1298 virgineo
778 1207 878 1276 cultu
893 1205 1042 1276 inferius

66 1320 211 1389 dabitur
230 1319 369 1389 dicendi
384 1319 531 1389 occasio.

109 1435 196 1503 Inde
217 1433 380 1524 plerique
408 1433 538 1502 civium
564 1433 739 1525 primores
770 1431 1041 1502 sanctimoniam

65 1543 246 1634 Josaplrati
280 1542 483 1634 suscipere,
516 1563 652 1633 suoque
674 1541 710 1610 in
732 1543 822 1612 cella
842 1547 1041 1612 morantem

65 1677 210 1725 accessu
239 1655 377 1734 colere,
408 1661 448 1723 ut
476 1659 576 1746 grato
600 1652 650 1746 pii
672 1653 815 1744 juvenis
835 1653 1039 1722 fruerentur

65 1766 233 1860 alloquio.
250 1769 294 1835 nt
308 1767 387 1846 ille,
406 1765 563 1858 quietem
579 1787 680 1834 suam
702 1765 839 1834 turbari
859 1765 1037 1845 sentiens,

64 1878 100 1947 in
121 1879 304 1949 internum
327 1879 445 1949 sacelli
470 1883 504 1948 S.
523 1883 626 1948 Lu'oae
649 1879 862 1959 sacrarium,
886 1880 981 1971 quod
1003 1880 1039 1948 in

65 1992 243 2061 vestibulo
258 1991 416 2062 ecclesiae
431 1991 562 2070 fuerat,
581 2012 680 2059 suam
695 1992 878 2061 transtulit
904 1992 1040 2062 babita-

65 2107 210 2176 tionem.
248 2105 370 2198 Ibique
397 2105 558 2197 apposita
586 2126 708 2174 mensa
742 2127 829 2186 sua,
860 2114 1039 2176 consuetae
1114 2110 1128 2121 ‘

65 2217 307 2297 meditationi,
334 2216 494 2296 lectioni,
514 2215 715 2307 scriptioni,
733 2217 815 2286 vitae
836 2217 1037 2298 severitati,

65 2330 275 2421 caeterisque
296 2329 364 2420 piis
386 2328 582 2408 exercitiis,
611 2334 723 2397 totum
750 2351 786 2399 se
808 2329 1038 2399 consecravit.

64 2445 131 2512 Neo
157 2441 261 2511 ullibi
288 2442 460 2535 quaesitus
482 2443 659 2524 inveniri,
689 2441 755 2511 nisi
782 2442 818 2509 in
847 2444 914 2510 boc
942 2463 1041 2511 sacro

65 2554 181 2645 potuit
205 2556 293 2624 loco.
310 2559 353 2623 Et
372 2577 536 2646 egressus
558 2555 653 2648 ejus,
672 2558 712 2623 ut
727 2555 769 2624 de
786 2553 895 2635 cella,
923 2553 974 2623 sic
996 2555 1039 2623 dc

65 2667 236 2746 sacrario,
255 2673 316 2735 aut
329 2667 372 2735 ad
385 2667 496 2736 aedem
512 2688 663 2747 sacram,
683 2672 829 2759 propter
843 2666 1040 2736 reddendas

64 2780 133 2847 Deo
145 2777 182 2845 in
200 2778 307 2846 choro
327 2777 472 2856 laudes,
493 2785 555 2847 aut
574 2777 617 2847 ad
636 2797 793 2846 mensam
817 2796 1039 2846 communem

65 2901 214 2987 propter
238 2894 446 2964 reficiendas
472 2894 608 2964 modice
630 2895 809 2986 lapsantes
831 2893 947 2973 vinee,
979 2898 1042 2962 aut

64 3007 151 3088 alio,
177 3014 325 3100 propter
348 3029 490 3100 gravam
512 3007 667 3099 aliquem
692 3006 938 3077 necessitatem
959 3005 1038 3074 fuit.

63 3121 146 3186 Cum
166 3121 321 3211 Josepho
337 3125 455 3189 tamen
470 3121 613 3188 Rutsoio
626 3141 708 3188 eum
723 3118 915 3197 invisente,
934 3139 1040 3209 quem

64 3228 209 3298 biennio
236 3230 279 3298 ad
303 3229 508 3321 religionem
540 3236 802 3323 praecurrerat,
834 3229 1042 3320 frequenter
1101 3310 1103 3314 ⁸

63 3341 178 3411 dulcia
196 3342 237 3412 de
253 3346 344 3422 Deo,
363 3341 406 3412 de
425 3342 512 3422 lide,
535 3343 578 3412 de
596 3342 784 3435 religione,
809 3342 926 3433 deque
945 3342 1041 3411 omni

63 3461 196 3550 pietate
218 3461 359 3530 miscuit
383 3461 570 3554 colloquia.
599 3465 719 3554 Neque
747 3460 859 3530 ullum
884 3482 1040 3553 unquam

63 3571 112 3640 illi
128 3573 283 3642 otiosum
303 3573 476 3644 excidisse
496 3576 666 3655 verbum,
692 3575 783 3644 idem
807 3574 1009 3644 observavit
1030 3597 1038 3642 :

63 3708 168 3776 quern
185 3685 236 3754 uti
246 3707 412 3778 magnum
424 3687 537 3757 virum
550 3709 589 3757 ae
603 3693 708 3757 aetate
720 3709 756 3758 se
768 3686 1037 3780 provectiorem,

64 3818 141 3864 cum
162 3817 234 3865 non
257 3797 404 3867 auderet
424 3799 561 3889 palam,
584 3798 836 3867 remotioribus
848 3819 928 3866 cum
944 3796 1040 3866 omni

64 3910 264 3979 humilitate
281 3918 317 3979 et
330 3912 542 3981 dexteritate
557 3913 681 3992 modis,
705 3914 918 4006 quandoque
933 3912 1039 3982 etiam

63 4041 125 4110 per
152 4021 239 4089 alias
262 4022 304 4090 ad
331 4025 493 4094 eumdem
516 4024 696 4117 religionis
720 4031 852 4095 statum
876 4025 1041 4094 trahebat

63 4154 244 4222 personas.
257 4137 300 4203 nt
320 4156 401 4202 cum
417 4135 610 4228 protelaret
624 4137 701 4219 ille,
720 4139 901 4209 desertum
916 4146 1039 4231 petere
