3259 5484
502 699 704 768 ssats-

156 856 180 918 C
180 858 214 936 [ν
235 860 337 920 Annus
359 860 568 922 ecclesiasticus
587 857 830 941 preco-sluvicus
852 856 926 937 (qui
947 874 1020 937 pars
1043 862 1089 915 est

117 962 190 1019 tomi
201 959 244 1021 lll
257 961 375 1024 octobr.
388 961 453 1024 llct.
469 962 679 1037 Sanctorum),
692 979 724 1042 p.
736 958 797 1021 278
804 980 814 1033 ;
829 958 957 1039 insuper
966 956 1089 1036 Kulczy·

117 1058 185 1121 nius
204 1061 239 1123 in
256 1063 410 1144 opusculo
430 1062 574 1144 superius
592 1062 768 1124 nominato.

152 1162 407 1228 Commemorare
421 1166 523 1249 placet
543 1184 614 1247 quae
635 1165 674 1227 de
689 1164 800 1226 eodem
820 1170 1006 1242 argumento
1022 1169 1088 1223 tra·
1115 1148 1361 1265 Mlffissqfflpffi

115 1263 316 1328 ditNicolaus
327 1267 509 1341 Lancicius,
523 1267 574 1329 his
585 1266 712 1328 verbis:
732 1293 743 1320 ι
761 1267 794 1327 Β.
809 1265 975 1346 iosaphat,
992 1264 1090 1327 archi·
1142 1283 1195 1326 ou·
1233 1273 1360 1317 Societatem

115 1366 281 1449 episcopus
295 1368 487 1443 Polocensis,
503 1387 541 1430 ex
555 1368 667 1431 ordine
679 1368 711 1430 S.
729 1367 852 1441 Basilii,
875 1366 1002 1429 unionis
1015 1383 1089 1428 eum
1141 1334 1201 1380 Μ’

116 1465 144 1527 S.
161 1468 305 1531 Romana
318 1470 626 1552 Ecclesiapromotor
640 1468 831 1541 indefessus,
847 1486 864 1529 a
883 1466 1090 1530 schismaticis

115 1568 268 1633 Rutbenis
279 1572 414 1635 Vitebsci
429 1590 488 1654 pro
503 1571 618 1634 Christi
633 1572 763 1634 nomine
775 1579 806 1632 et
817 1570 880 1633 lide
893 1571 1047 1634 catholica
1059 1578 1090 1633 et

115 1687 172 1749 pro
181 1682 290 1734 sancta
300 1674 499 1755 potissimum
513 1674 630 1736 unione
640 1691 713 1735 cum
729 1673 868 1735 Ecclesia
880 1673 1091 1735 llomanatru·

115 1770 236 1835 cidatus
257 1792 343 1837 anno
371 1778 463 1849 toas,
480 1784 511 1836 et
525 1775 565 1836 ab
582 1775 709 1837 Urbano
725 1793 807 1857 papa
832 1775 899 1837 lllll
923 1776 1090 1838 beatorum

116 1883 287 1957 martyrum
301 1878 444 1958 catalogo
459 1877 635 1959 adscriptus
649 1896 734 1939 anno
746 1882 834 1950 loli,
852 1877 903 1939 die
918 1882 955 1940 ta
969 1859 1093 1940 decem-⁴

115 1977 188 2050 bris,
202 1983 282 2043 tanti
292 1982 427 2043 l'aciebat
441 1981 626 2044 Societatem
640 1981 724 2054 lesu,
742 1989 776 2042 ut
788 1981 892 2063 palam
904 1980 1040 2055 diceret,
1057 1998 1089 2043 se

115 2099 187 2143 eum
210 2102 275 2146 non
299 2084 416 2146 habere
434 2101 493 2166 pro
515 2083 600 2145 bono
624 2082 798 2158 catholice,
822 2083 876 2163 qui
903 2082 1089 2145 Societatem

116 2183 184 2247 lesu
196 2204 259 2249 non
275 2196 404 2249 amaret.
423 2186 508 2248 ldem
523 2204 596 2248 cum
607 2185 702 2247 semel
714 2185 746 2245 in
761 2184 919 2265 frequenti
931 2184 1089 2247 nobilium

116 2299 275 2360 consessu,
288 2286 454 2367 praecipuae
469 2285 642 2348 nobilitatis
651 2284 776 2357 virum,
793 2282 937 2346 acerbius
952 2282 991 2346 ad
1006 2301 1090 2345 meu·

116 2403 181 2449 sam
192 2399 302 2452 contra
318 2390 481 2453 Societatis
499 2389 645 2452 homines
666 2389 773 2451 invehi
791 2387 932 2462 audiret,
953 2389 1089 2468 graviter

116 2485 228 2568 injuria
242 2489 405 2553 Societatis
416 2498 595 2553 commotus
611 2512 617 2550 ι
637 2493 787 2571 Apparet,
800 2490 915 2572 inquit,
932 2492 1089 2572 magnifice

115 2590 237 2672 domine,
251 2604 279 2657 tc
294 2616 351 2655 noa
375 2614 433 2656 esse
446 2614 485 2655 er
505 2614 626 2656 aunum
641 2592 940 2675 predestinatorum,
959 2595 1089 2675 quitum

114 2705 240 2758 sunctum
256 2698 429 2779 religionem
448 2697 544 2758 verbis
556 2696 627 2758 adeo
639 2696 793 2775 injuriosis
806 2715 928 2778 cuarpere
948 2716 1004 2757 non
1024 2716 1087 2759 me-

12 2874 15 2885 ·
117 2806 189 2863 tuus.
203 2803 337 2884 Jamque
353 2807 495 2864 mensam
509 2801 688 2881 relinquere
702 2808 863 2873 statuerat,
880 2801 913 2862 ni
925 2800 1022 2862 linem
1035 2800 1088 2864 ille
1121 2806 1124 2810 '

11 2927 12 2942 ¹
117 2903 287 2967 maledictis
297 2904 460 2966 fecisset.»

158 3032 168 3061 ι
183 3009 263 3070 llum
274 3017 354 3071 esset
368 3009 623 3090 archiepiscopus
632 3008 820 3083 Polocensis,
830 3018 861 3071 et
873 3010 961 3086 alias,
973 3010 1088 3072 nostris

115 3117 320 3179 confitebatur
330 3138 339 3189 3
359 3116 523 3178 discedens
536 3116 661 3179 Polocia
682 3112 790 3176 adibat
818 3112 986 3191 collegium
1011 3130 1087 3174 nos-

117 3224 211 3292 trum,
236 3219 488 3282 benedictionem
508 3237 567 3301 pro
587 3219 698 3280 itinere
714 3225 834 3299 petens.
857 3216 1015 3278 Polociam
1035 3234 1086 3278 re-

115 3318 200 3384 diens
211 3342 223 3397 ,⁴
236 3323 377 3405 primum
396 3307 541 3384 omnium
558 3320 727 3399 collegium
744 3327 889 3380 nostrum
907 3318 1085 3392 invisebat,

116 3432 144 3484 et
156 3428 231 3490 dum
242 3446 300 3510 pro
311 3427 482 3490 directione
492 3425 648 3509 spirituali
660 3425 774 3487 animae
785 3442 850 3486 suae
865 3433 895 3484 et
904 3423 1013 3486 ovium
1024 3428 1088 3486 suae

116 3532 261 3607 pastorali
277 3549 360 3592 curae
374 3530 626 3594 concreditarum
641 3537 672 3590 et
695 3546 752 3609 pro
774 3528 844 3590 aliis
872 3527 1089 3609 spiritualibus

115 3636 245 3713 negotiis
258 3634 389 3695 consilia
405 3652 423 3694 a
437 3633 552 3695 nostris
561 3632 731 3713 quaerebat,
745 3640 777 3692 et
787 3630 977 3711 sequebatur
991 3630 1089 3693 instar

115 3737 233 3810 novitii,
247 3755 284 3797 ex
295 3753 350 3797 ore
363 3735 503 3814 magistri
518 3735 565 3796 sui
578 3733 774 3815 pendentis.»
792 3766 831 3776 -
842 3732 913 3794 llaee
925 3732 1089 3795 Lancicius

115 3847 232 3912 noster,
260 3837 471 3919 opusculorum
493 3836 595 3917 spirit.
612 3844 634 3896 t.
656 3834 693 3907 ll,
719 3852 790 3916 pag.
814 3837 892 3908 538,
913 3851 945 3895 n.
974 3832 1008 3894 at
1035 3833 1085 3895 ed.

14 3997 15 4036 p
117 3935 310 4019 ingolstadii,
327 3959 378 4002 an.
396 3943 489 4012 last,

153 4050 211 4112 Pro
225 4052 352 4113 Nicoluo
364 4050 517 4129 legendus
526 4058 572 4111 est
582 4049 753 4111 Stunislaua
767 4048 946 4111 Kosinscius
963 4097 970 4123 ,
998 4049 1088 4113 toties
1115 4076 1147 4120 iq
1157 4075 1255 4133 mm,
1266 4077 1303 4121 qn,
1313 4076 1334 4120 9,

14 4159 15 4226 s
116 4150 255 4214 videlicet
271 4154 303 4213 in
321 4152 380 4215 hoc
393 4153 548 4234 opusculo
562 4152 685 4214 citatus.
