3259 5484
969 694 1015 708 -
1033 655 1101 725 ror
1125 696 1170 709 -

731 996 909 1063 JOSEPllO
933 996 1229 1063 METROPOLITAE
1253 996 1406 1063 llUSSlAE

889 1216 953 1260 ott.
977 1216 1065 1261 cattn.
1088 1215 1244 1260 BANDINUS.

620 1474 724 1537 i'itam
743 1474 972 1536 sanctissimam
996 1483 1194 1555 mortemque
1216 1473 1448 1535 acerbissimam
1463 1473 1492 1533 B.
1509 1472 1541 1531 ll.

579 1577 730 1659 Josaplrat
743 1578 969 1659 arcltiepiscopi
984 1578 1162 1639 Poloennsis
1173 1578 1281 1657 (quam
1293 1577 1421 1638 rutheni
1433 1575 1543 1637 alumni

580 1678 806 1762 Amplitudiuis
831 1680 904 1742 'lure
932 1689 962 1742 et
985 1680 1243 1761 coepiscoporum
1272 1689 1400 1741 tuorum
1427 1679 1544 1740 nomine
1611 1682 1612 1763 l

581 1782 682 1845 Sacrae
706 1781 746 1844 de
768 1782 860 1864 Prop.
886 1782 960 1844 Fide
978 1782 1218 1862 Congregationi
1241 1782 1464 1861 exhibuerunt)
1488 1799 1543 1841 non
1611 1774 1612 1833 l

580 1884 647 1946 sine
666 1885 813 1965 lacrymis
832 1893 862 1945 et
880 1882 995 1945 laetitiae
1017 1892 1047 1944 et
1065 1882 1183 1945 doloris
1199 1884 1329 1945 testibus
1351 1884 1540 1965 perlegimus.
1611 1872 1612 1943 l

580 1986 619 2048 Et
638 1986 714 2068 quia
737 2003 864 2047 causam
888 1985 998 2047 mortis
1017 1984 1076 2045 viri
1092 1984 1177 2045 illius
1196 1984 1442 2059 considerantes,
1465 1984 1544 2046 lacile
1611 1964 1612 2055 l

580 2087 796 2166 cognorimus,
812 2104 879 2148 rem
892 2086 975 2147 lianc
991 2103 1054 2147 non
1069 2103 1134 2147 esse
1145 2085 1270 2147 silentio
1280 2085 1543 2167 praetereundam,

580 2189 761 2250 censuimus
772 2188 949 2267 legitimum
961 2187 1000 2249 de
1011 2206 1065 2261 ca,
1081 2188 1170 2268 justa
1187 2186 1218 2248 S.
1236 2186 1271 2249 R.
1296 2188 1332 2248 E.
1349 2184 1544 2271 consuetudi·
1611 2224 1612 2253 ,

580 2310 654 2352 nem
669 2310 705 2353 ec
718 2309 850 2365 moreni,
863 2288 1092 2352 instituendum
1105 2308 1170 2351 csse
1183 2308 1376 2371 processum,
1389 2299 1423 2352 ut
1437 2291 1544 2351 lactum

580 2401 695 2455 aeterna
710 2394 863 2455 memoria
887 2402 917 2454 et
940 2392 1111 2455 immortali
1133 2392 1233 2473 gloria
1253 2389 1472 2471 dignissimum
1487 2409 1545 2452 non

580 2496 684 2557 solum
699 2496 754 2557 toti
769 2496 914 2557 Ecclesia>
929 2496 1091 2559 catholicae
1106 2496 1297 2568 innotescat,
1321 2495 1375 2557 sed
1399 2498 1490 2559 etiarn
1509 2496 1544 2556 il·
1611 2484 1612 2569 l

580 2596 759 2658 lustrissimi
782 2598 922 2677 martyrii
952 2597 1149 2678 enernplurn,
1178 2596 1264 2677 quod
1290 2598 1405 2659 imitari
1434 2598 1541 2679 possit,

579 2707 786 2781 proponatur.
801 2699 901 2772 Quam
923 2698 965 2760 ob
980 2718 1046 2759 rem
1071 2717 1134 2759 una
1157 2696 1216 2759 fuit
1236 2699 1380 2760 omnium
1402 2700 1543 2760 Eminen-

581 2801 661 2862 tium
675 2800 802 2861 Patrum
818 2801 983 2873 sententia,
1000 2809 1034 2861 ut
1048 2799 1142 2861 breve
1157 2798 1239 2860 ass
1252 2800 1287 2859 l).
1303 2800 1338 2861 N.
1352 2800 1390 2863 ad
1402 2802 1543 2862 Nuntium
1611 2798 1612 2877 l

581 2901 717 2963 Poloniae
733 2910 868 2983 petatur,
885 2920 950 2983 quo
968 2902 995 2961 ei
1019 2918 1198 2982 processum
1213 2900 1302 2980 juxta
1321 2898 1453 2963 sormam
1470 2920 1543 2983 pra-
1611 2888 1612 2981 l

580 3002 778 3065 scribendam
789 3003 828 3064 de
842 3004 914 3077 rita,
925 3003 1066 3064 moribus
1081 3021 1117 3063 ac
1129 3010 1240 3074 morte,
1250 3003 1423 3083 mortisque
1436 3002 1544 3084 praelati
1611 2984 1612 3057 l

580 3106 807 3187 archiepiscopi
831 3124 944 3178 causa,
969 3104 1154 3167 conficiendi
1182 3104 1314 3166 facultas
1338 3104 1522 3167 concedatur
1536 3123 1542 3174 ς

580 3203 666 3285 quod
688 3204 712 3264 si
734 3204 896 3277 obtinere,
921 3214 1016 3284 prout
1031 3220 1214 3283 speramuS,
1230 3204 1422 3282 poterimus,
1439 3201 1544 3263 Altitu-
1611 3162 1612 3245 l

579 3308 686 3368 dinem
701 3307 800 3368 Tuam
815 3316 846 3367 ct
860 3308 1062 3390 coepiscopos
1078 3320 1149 3373 tuos
1167 3310 1314 3372 certiores
1340 3306 1495 3377 iaciemus,
1516 3312 1545 3362 ut

579 3411 696 3473 Nuntio
711 3409 877 3491 predicto,
892 3430 962 3491 quae
987 3410 1026 3473 ad
1047 3432 1229 3493 processum
1252 3409 1468 3473 instruendum
1493 3396 1555 3466 nes

579 3514 712 3575 cessaria
727 3522 838 3586 crunt,
863 3515 1061 3595 suppeditare
1076 3518 1211 3599 possitis.
1227 3516 1333 3579 Valete
1357 3524 1387 3575 et
1406 3531 1463 3575 nos
1477 3510 1544 3573 dili·
1611 3546 1612 3595 p

579 3617 663 3696 gite,
679 3618 842 3698 Deumque
857 3638 914 3701 pro
935 3620 1026 3681 nobis
1040 3628 1144 3695 orate,
1162 3620 1246 3703 quod
1263 3640 1321 3702 pro
1343 3629 1442 3683 vestra
1463 3618 1543 3678 inco·
1611 3598 1612 3621 ¹

580 3722 723 3783 lumitate
738 3741 796 3782 nos
814 3741 941 3803 quoque
963 3722 1099 3785 facturos
1113 3725 1312 3806 pollicemur.

621 3892 741 3964 Romae,
765 3893 873 3954 tmaii
890 3898 977 3955 1694.

910 4122 1226 4147 nnn—‘om
