<?xml version="1.0" encoding="UTF-8"?>
<!DOCTYPE html PUBLIC "-//W3C//DTD XHTML 1.0 Transitional//EN"
    "http://www.w3.org/TR/xhtml1/DTD/xhtml1-transitional.dtd">
<html xmlns="http://www.w3.org/1999/xhtml" xml:lang="en" lang="en">
 <head>
  <title>
</title>
<meta http-equiv="Content-Type" content="text/html;charset=utf-8" />
  <meta name='ocr-system' content='tesseract 3.04.00' />
  <meta name='ocr-capabilities' content='ocr_page ocr_carea ocr_par ocr_line ocrx_word'/>
</head>
<body>
  <div class='ocr_page' id='page_1' title='image "./cursusvitetcert00martgoog_0239.png"; bbox 0 0 3259 5484; ppageno 0'>
   <div class='ocr_carea' id='block_1_1' title="bbox 511 710 713 779">
    <p class='ocr_par' dir='ltr' id='par_1_1' title="bbox 511 710 713 779">
     <span class='ocr_line' id='line_1_1' title="bbox 511 710 713 779; baseline 0 0"><span class='ocrx_word' id='word_1_1' title='bbox 511 750 557 767; x_wconf 90' lang='lat'><em>·-</em></span> <span class='ocrx_word' id='word_1_2' title='bbox 579 710 645 779; x_wconf 58' lang='lat'><em>2²15</em></span> <span class='ocrx_word' id='word_1_3' title='bbox 668 749 713 763; x_wconf 97' lang='lat'>-</span> 
     </span>
    </p>
   </div>
   <div class='ocr_carea' id='block_1_2' title="bbox 17 862 1103 2704">
    <p class='ocr_par' dir='ltr' id='par_1_2' title="bbox 17 862 1097 1054">
     <span class='ocr_line' id='line_1_2' title="bbox 126 862 1097 950; baseline 0.007 -28.193"><span class='ocrx_word' id='word_1_4' title='bbox 126 862 238 924; x_wconf 79' lang='lat' dir='ltr'><em>abactio</em></span> <span class='ocrx_word' id='word_1_5' title='bbox 252 866 286 925; x_wconf 91' lang='lat' dir='ltr'><em>in</em></span> <span class='ocrx_word' id='word_1_6' title='bbox 299 866 399 948; x_wconf 75' lang='lat' dir='ltr'><em>fidem,</em></span> <span class='ocrx_word' id='word_1_7' title='bbox 416 867 485 929; x_wconf 86' lang='lat' dir='ltr'><em>ticet</em></span> <span class='ocrx_word' id='word_1_8' title='bbox 499 869 609 930; x_wconf 78' lang='lat' dir='ltr'><strong><em>occasio</em></strong></span> <span class='ocrx_word' id='word_1_9' title='bbox 623 870 728 930; x_wconf 89' lang='lat' dir='ltr'><em>mortis</em></span> <span class='ocrx_word' id='word_1_10' title='bbox 736 868 910 950; x_wconf 75' lang='lat' dir='ltr'><em>provenerit</em></span> <span class='ocrx_word' id='word_1_11' title='bbox 922 888 960 929; x_wconf 82' lang='lat' dir='ltr'><em>ea</em></span> <span class='ocrx_word' id='word_1_12' title='bbox 972 867 1035 928; x_wconf 85' lang='lat' dir='ltr'><em>alia</em></span> <span class='ocrx_word' id='word_1_13' title='bbox 1049 888 1097 945; x_wconf 82' lang='lat' dir='ltr'><em>rc,</em></span> 
     </span>
     <span class='ocr_line' id='line_1_3' title="bbox 17 940 1027 1054; baseline 0.009 -31"><span class='ocrx_word' id='word_1_14' title='bbox 17 1007 18 1054; x_wconf 52' lang='lat' dir='ltr'><em>a</em></span> <span class='ocrx_word' id='word_1_15' title='bbox 126 967 312 1043; x_wconf 79' lang='lat' dir='ltr'><em>quaeratione</em></span> <span class='ocrx_word' id='word_1_16' title='bbox 323 940 619 1032; x_wconf 56' lang='lat' dir='ltr'><em>eiieumstantiarnm</em></span> <span class='ocrx_word' id='word_1_17' title='bbox 630 968 671 1031; x_wconf 80' lang='lat' dir='ltr'><em>aci</em></span> <span class='ocrx_word' id='word_1_18' title='bbox 681 969 769 1052; x_wconf 74' lang='lat' dir='ltr'><em>fidem</em></span> <span class='ocrx_word' id='word_1_19' title='bbox 784 990 841 1032; x_wconf 87' lang='lat' dir='ltr'><em>non</em></span> <span class='ocrx_word' id='word_1_20' title='bbox 852 970 1027 1051; x_wconf 81' lang='lat' dir='ltr'><em>pertineret.</em></span> 
     </span>
    </p>

    <p class='ocr_par' dir='ltr' id='par_1_3' title="bbox 162 1069 1098 1159">
     <span class='ocr_line' id='line_1_4' title="bbox 162 1069 1098 1159; baseline 0.007 -27"><span class='ocrx_word' id='word_1_21' title='bbox 162 1069 284 1135; x_wconf 86' lang='lat' dir='ltr'><em>Clarius</em></span> <span class='ocrx_word' id='word_1_22' title='bbox 298 1074 332 1135; x_wconf 83' lang='lat' dir='ltr'><em>id</em></span> <span class='ocrx_word' id='word_1_23' title='bbox 340 1076 435 1157; x_wconf 85' lang='lat' dir='ltr'><em>ipsum</em></span> <span class='ocrx_word' id='word_1_24' title='bbox 448 1076 666 1159; x_wconf 85' lang='lat' dir='ltr'><em>comprobatur,</em></span> <span class='ocrx_word' id='word_1_25' title='bbox 682 1075 788 1141; x_wconf 84' lang='lat' dir='ltr'><strong>subdit</strong></span> <span class='ocrx_word' id='word_1_26' title='bbox 801 1076 1002 1141; x_wconf 87' lang='lat' dir='ltr'><em>doctissimus</em></span> <span class='ocrx_word' id='word_1_27' title='bbox 1015 1094 1098 1159; x_wconf 88' lang='lat' dir='ltr'><em>pon-</em></span> 
     </span>
    </p>

    <p class='ocr_par' dir='ltr' id='par_1_4' title="bbox 17 1170 1100 1261">
     <span class='ocr_line' id='line_1_5' title="bbox 17 1170 1100 1261; baseline 0.01 -31"><span class='ocrx_word' id='word_1_28' title='bbox 17 1201 18 1240; x_wconf 75' lang='grc'>;</span> <span class='ocrx_word' id='word_1_29' title='bbox 125 1170 206 1247; x_wconf 80' lang='lat' dir='ltr'><em>tifex,</em></span> <span class='ocrx_word' id='word_1_30' title='bbox 227 1194 268 1237; x_wconf 82' lang='lat' dir='ltr'><em>cc</em></span> <span class='ocrx_word' id='word_1_31' title='bbox 279 1178 374 1239; x_wconf 88' lang='lat' dir='ltr'><em>causis</em></span> <span class='ocrx_word' id='word_1_32' title='bbox 390 1178 552 1239; x_wconf 81' lang='lat' dir='ltr'><em>Brutorum</em></span> <span class='ocrx_word' id='word_1_33' title='bbox 570 1179 711 1261; x_wconf 79' lang='lat' dir='ltr'><em>Josapaat</em></span> <span class='ocrx_word' id='word_1_34' title='bbox 727 1179 892 1243; x_wconf 83' lang='lat' dir='ltr'><em>Poiocemis</em></span> <span class='ocrx_word' id='word_1_35' title='bbox 912 1186 941 1241; x_wconf 89' lang='lat' dir='ltr'><em>et</em></span> <span class='ocrx_word' id='word_1_36' title='bbox 962 1178 1047 1241; x_wconf 84' lang='lat' dir='ltr'><em>Petri</em></span> <span class='ocrx_word' id='word_1_37' title='bbox 1065 1179 1100 1242; x_wconf 85' lang='lat' dir='ltr'><em>de</em></span> 
     </span>
    </p>

    <p class='ocr_par' dir='ltr' id='par_1_5' title="bbox 125 1276 1099 1365">
     <span class='ocr_line' id='line_1_6' title="bbox 125 1276 1099 1365; baseline 0.011 -31"><span class='ocrx_word' id='word_1_38' title='bbox 125 1276 260 1340; x_wconf 75' lang='lat' dir='ltr'><em>Arous.-</em></span> <span class='ocrx_word' id='word_1_39' title='bbox 276 1280 346 1343; x_wconf 85' lang='lat' dir='ltr'><em>iicct</em></span> <span class='ocrx_word' id='word_1_40' title='bbox 358 1282 435 1343; x_wconf 87' lang='lat' dir='ltr'><em>enim</em></span> <span class='ocrx_word' id='word_1_41' title='bbox 450 1283 482 1343; x_wconf 89' lang='lat' dir='ltr'><em>in</em></span> <span class='ocrx_word' id='word_1_42' title='bbox 493 1284 593 1365; x_wconf 87' lang='lat' dir='ltr'><em>prima</em></span> <span class='ocrx_word' id='word_1_43' title='bbox 616 1283 689 1365; x_wconf 69' lang='lat' dir='ltr'><em>fidei</em></span> <span class='ocrx_word' id='word_1_44' title='bbox 702 1290 855 1365; x_wconf 91' lang='lat' dir='ltr'><em>promotor</em></span> <span class='ocrx_word' id='word_1_45' title='bbox 874 1291 990 1345; x_wconf 87' lang='lat' dir='ltr'><em>strenue</em></span> <span class='ocrx_word' id='word_1_46' title='bbox 1012 1302 1099 1365; x_wconf 90' lang='lat' dir='ltr'><em>oppo-</em></span> 
     </span>
    </p>

    <p class='ocr_par' dir='ltr' id='par_1_6' title="bbox 124 1380 1100 1468">
     <span class='ocr_line' id='line_1_7' title="bbox 124 1380 1100 1468; baseline 0.01 -30"><span class='ocrx_word' id='word_1_47' title='bbox 124 1380 239 1457; x_wconf 76' lang='lat' dir='ltr'><em>suisset,</em></span> <span class='ocrx_word' id='word_1_48' title='bbox 255 1384 398 1466; x_wconf 81' lang='lat' dir='ltr'><em>Josapnat</em></span> <span class='ocrx_word' id='word_1_49' title='bbox 408 1395 529 1448; x_wconf 88' lang='lat' dir='ltr'><em>mortem</em></span> <span class='ocrx_word' id='word_1_50' title='bbox 540 1406 597 1447; x_wconf 90' lang='lat' dir='ltr'><em>non</em></span> <span class='ocrx_word' id='word_1_51' title='bbox 608 1386 646 1447; x_wconf 77' lang='lat' dir='ltr'><em>ab</em></span> <span class='ocrx_word' id='word_1_52' title='bbox 656 1386 722 1448; x_wconf 83' lang='lat' dir='ltr'><em>odio</em></span> <span class='ocrx_word' id='word_1_53' title='bbox 735 1388 767 1447; x_wconf 89' lang='lat' dir='ltr'><em>in</em></span> <span class='ocrx_word' id='word_1_54' title='bbox 782 1386 883 1468; x_wconf 74' lang='lat' dir='ltr'><em>fidem,</em></span> <span class='ocrx_word' id='word_1_55' title='bbox 894 1385 945 1449; x_wconf 81' lang='lat' dir='ltr'><em>sed</em></span> <span class='ocrx_word' id='word_1_56' title='bbox 955 1386 994 1447; x_wconf 81' lang='lat' dir='ltr'><em>ab</em></span> <span class='ocrx_word' id='word_1_57' title='bbox 1007 1386 1100 1448; x_wconf 85' lang='lat' dir='ltr'><em>inclu-</em></span> 
     </span>
    </p>

    <p class='ocr_par' dir='ltr' id='par_1_7' title="bbox 124 1482 1099 1569">
     <span class='ocr_line' id='line_1_8' title="bbox 124 1482 1099 1569; baseline 0.008 -28"><span class='ocrx_word' id='word_1_58' title='bbox 124 1482 198 1547; x_wconf 86' lang='lat' dir='ltr'><em>sione</em></span> <span class='ocrx_word' id='word_1_59' title='bbox 212 1488 245 1547; x_wconf 89' lang='lat' dir='ltr'><em>in</em></span> <span class='ocrx_word' id='word_1_60' title='bbox 258 1508 375 1550; x_wconf 87' lang='lat' dir='ltr'><em>carcere</em></span> <span class='ocrx_word' id='word_1_61' title='bbox 387 1488 541 1569; x_wconf 82' lang='lat' dir='ltr'><em>cujusdam</em></span> <span class='ocrx_word' id='word_1_62' title='bbox 559 1489 740 1550; x_wconf 75' lang='lat' dir='ltr'><em>schismatici</em></span> <span class='ocrx_word' id='word_1_63' title='bbox 756 1488 915 1550; x_wconf 74' lang='lat' dir='ltr'><em>mcerdotis</em></span> <span class='ocrx_word' id='word_1_64' title='bbox 935 1486 1099 1550; x_wconf 84' lang='lat' dir='ltr'><em>derivatam</em></span> 
     </span>
    </p>

    <p class='ocr_par' dir='ltr' id='par_1_8' title="bbox 124 1588 1100 1667">
     <span class='ocr_line' id='line_1_9' title="bbox 124 1588 1100 1667; baseline 0.003 -18"><span class='ocrx_word' id='word_1_65' title='bbox 124 1588 210 1667; x_wconf 78' lang='lat' dir='ltr'><em>fuisse</em></span> <span class='ocrx_word' id='word_1_66' title='bbox 215 1609 230 1666; x_wconf 84' lang='lat'><em>;</em></span> <span class='ocrx_word' id='word_1_67' title='bbox 241 1594 273 1653; x_wconf 86' lang='lat' dir='ltr'><em>in</em></span> <span class='ocrx_word' id='word_1_68' title='bbox 285 1592 408 1654; x_wconf 66' lang='lat' dir='ltr'><em>munda</em></span> <span class='ocrx_word' id='word_1_69' title='bbox 417 1601 515 1655; x_wconf 84' lang='lat' dir='ltr'><em>antem</em></span> <span class='ocrx_word' id='word_1_70' title='bbox 522 1593 669 1655; x_wconf 64' lang='lat' dir='ltr'><em>occanere</em></span> <span class='ocrx_word' id='word_1_71' title='bbox 678 1601 798 1654; x_wconf 77' lang='lat' dir='ltr'><em>coriatus</em></span> <span class='ocrx_word' id='word_1_72' title='bbox 808 1599 891 1667; x_wconf 87' lang='lat' dir='ltr'><em>esset,</em></span> <span class='ocrx_word' id='word_1_73' title='bbox 903 1601 1024 1653; x_wconf 88' lang='lat' dir='ltr'><em>mortem</em></span> <span class='ocrx_word' id='word_1_74' title='bbox 1036 1591 1100 1653; x_wconf 87' lang='lat' dir='ltr'><em>ideo</em></span> 
     </span>
    </p>

    <p class='ocr_par' dir='ltr' id='par_1_9' title="bbox 124 1694 1099 1783">
     <span class='ocr_line' id='line_1_10' title="bbox 124 1694 1099 1783; baseline 0.008 -29"><span class='ocrx_word' id='word_1_75' title='bbox 124 1694 210 1773; x_wconf 77' lang='lat' dir='ltr'><em>fuisse</em></span> <span class='ocrx_word' id='word_1_76' title='bbox 228 1702 315 1762; x_wconf 84' lang='lat' dir='ltr'><em>Petro</em></span> <span class='ocrx_word' id='word_1_77' title='bbox 334 1700 495 1782; x_wconf 78' lang='lat' dir='ltr'><em>inflictam,</em></span> <span class='ocrx_word' id='word_1_78' title='bbox 513 1701 585 1782; x_wconf 73' lang='lat' dir='ltr'><em>quaa</em></span> <span class='ocrx_word' id='word_1_79' title='bbox 605 1701 659 1783; x_wconf 89' lang='lat' dir='ltr'><em>qai</em></span> <span class='ocrx_word' id='word_1_80' title='bbox 670 1720 735 1762; x_wconf 89' lang='lat' dir='ltr'><em>cum</em></span> <span class='ocrx_word' id='word_1_81' title='bbox 748 1699 927 1777; x_wconf 85' lang='lat' dir='ltr'><em>occiderunt,</em></span> <span class='ocrx_word' id='word_1_82' title='bbox 945 1699 1099 1762; x_wconf 85' lang='lat' dir='ltr'><em>contende-</em></span> 
     </span>
    </p>

    <p class='ocr_par' dir='ltr' id='par_1_10' title="bbox 127 1796 1100 1885">
     <span class='ocr_line' id='line_1_11' title="bbox 127 1796 1100 1885; baseline 0.006 -28"><span class='ocrx_word' id='word_1_83' title='bbox 127 1796 209 1877; x_wconf 79' lang='lat' dir='ltr'><em>bant,</em></span> <span class='ocrx_word' id='word_1_84' title='bbox 228 1822 284 1863; x_wconf 90' lang='lat' dir='ltr'><em>non</em></span> <span class='ocrx_word' id='word_1_85' title='bbox 297 1822 355 1865; x_wconf 88' lang='lat' dir='ltr'><em>esse</em></span> <span class='ocrx_word' id='word_1_86' title='bbox 371 1804 403 1863; x_wconf 88' lang='lat' dir='ltr'><em>in</em></span> <span class='ocrx_word' id='word_1_87' title='bbox 417 1822 539 1883; x_wconf 81' lang='lat' dir='ltr'><em>requam</em></span> <span class='ocrx_word' id='word_1_88' title='bbox 559 1803 737 1885; x_wconf 85' lang='lat' dir='ltr'><em>Arraqonioe</em></span> <span class='ocrx_word' id='word_1_89' title='bbox 758 1802 949 1863; x_wconf 85' lang='lat' dir='ltr'><em>inducendum</em></span> <span class='ocrx_word' id='word_1_90' title='bbox 965 1800 1100 1863; x_wconf 82' lang='lat' dir='ltr'><em>tribunal</em></span> 
     </span>
    </p>

    <p class='ocr_par' dir='ltr' id='par_1_11' title="bbox 126 1899 1101 1987">
     <span class='ocr_line' id='line_1_12' title="bbox 126 1899 1101 1987; baseline 0.009 -29"><span class='ocrx_word' id='word_1_91' title='bbox 126 1899 331 1982; x_wconf 76' lang='lat' dir='ltr'><em>inquisitionis</em></span> <span class='ocrx_word' id='word_1_92' title='bbox 344 1925 409 1966; x_wconf 89' lang='lat' dir='ltr'><em>cum</em></span> <span class='ocrx_word' id='word_1_93' title='bbox 425 1906 497 1987; x_wconf 85' lang='lat' dir='ltr'><em>jure</em></span> <span class='ocrx_word' id='word_1_94' title='bbox 514 1904 691 1987; x_wconf 70' lang='lat' dir='ltr'><em>confiscandi</em></span> <span class='ocrx_word' id='word_1_95' title='bbox 712 1905 783 1966; x_wconf 83' lang='lat' dir='ltr'><em>bona</em></span> <span class='ocrx_word' id='word_1_96' title='bbox 807 1904 1052 1987; x_wconf 86' lang='lat' dir='ltr'><em>delinquentium,</em></span> <span class='ocrx_word' id='word_1_97' title='bbox 1071 1915 1101 1968; x_wconf 85' lang='lat' dir='ltr'><em>et</em></span> 
     </span>
    </p>

    <p class='ocr_par' dir='ltr' id='par_1_12' title="bbox 126 2004 1103 2091">
     <span class='ocr_line' id='line_1_13' title="bbox 126 2004 1103 2091; baseline 0.009 -29"><span class='ocrx_word' id='word_1_98' title='bbox 126 2004 193 2081; x_wconf 87' lang='lat' dir='ltr'><em>quia</em></span> <span class='ocrx_word' id='word_1_99' title='bbox 213 2007 269 2069; x_wconf 85' lang='lat' dir='ltr'><em>duo</em></span> <span class='ocrx_word' id='word_1_100' title='bbox 282 2028 321 2069; x_wconf 80' lang='lat' dir='ltr'><em>cc</em></span> <span class='ocrx_word' id='word_1_101' title='bbox 334 2009 453 2070; x_wconf 85' lang='lat' dir='ltr'><em>sicariis</em></span> <span class='ocrx_word' id='word_1_102' title='bbox 466 2008 532 2069; x_wconf 83' lang='lat' dir='ltr'><em>odio</em></span> <span class='ocrx_word' id='word_1_103' title='bbox 548 2028 662 2070; x_wconf 82' lang='lat' dir='ltr'><em>sernum</em></span> <span class='ocrx_word' id='word_1_104' title='bbox 677 2008 734 2070; x_wconf 87' lang='lat' dir='ltr'><em>Dei</em></span> <span class='ocrx_word' id='word_1_105' title='bbox 744 2008 1008 2090; x_wconf 81' lang='lat' dir='ltr'><em>prosequebantnr,</em></span> <span class='ocrx_word' id='word_1_106' title='bbox 1023 2010 1103 2091; x_wconf 85' lang='lat' dir='ltr'><em>quod</em></span> 
     </span>
    </p>

    <p class='ocr_par' dir='ltr' id='par_1_13' title="bbox 127 2111 1097 2193">
     <span class='ocr_line' id='line_1_14' title="bbox 127 2111 1097 2193; baseline 0.006 -27"><span class='ocrx_word' id='word_1_107' title='bbox 127 2125 222 2170; x_wconf 89' lang='lat' dir='ltr'><em>eorum</em></span> <span class='ocrx_word' id='word_1_108' title='bbox 232 2119 348 2191; x_wconf 87' lang='lat' dir='ltr'><em>patrem</em></span> <span class='ocrx_word' id='word_1_109' title='bbox 359 2120 388 2173; x_wconf 89' lang='lat' dir='ltr'><em>et</em></span> <span class='ocrx_word' id='word_1_110' title='bbox 401 2130 550 2185; x_wconf 86' lang='lat' dir='ltr'><em>sororem,</em></span> <span class='ocrx_word' id='word_1_111' title='bbox 565 2130 635 2193; x_wconf 89' lang='lat' dir='ltr'><em>quos</em></span> <span class='ocrx_word' id='word_1_112' title='bbox 648 2111 812 2173; x_wconf 85' lang='lat' dir='ltr'><em>innocentes</em></span> <span class='ocrx_word' id='word_1_113' title='bbox 825 2111 1015 2193; x_wconf 82' lang='lat' dir='ltr'><em>reputabant,</em></span> <span class='ocrx_word' id='word_1_114' title='bbox 1031 2132 1097 2173; x_wconf 88' lang='lat' dir='ltr'><em>ear-</em></span> 
     </span>
    </p>

    <p class='ocr_par' dir='ltr' id='par_1_14' title="bbox 128 2211 1101 2296">
     <span class='ocr_line' id='line_1_15' title="bbox 128 2211 1101 2296; baseline 0.005 -25"><span class='ocrx_word' id='word_1_115' title='bbox 128 2211 237 2275; x_wconf 80' lang='lat' dir='ltr'><em>ceribus</em></span> <span class='ocrx_word' id='word_1_116' title='bbox 250 2214 458 2295; x_wconf 73' lang='lat' dir='ltr'><em>[requisitionis</em></span> <span class='ocrx_word' id='word_1_117' title='bbox 473 2214 584 2296; x_wconf 71' lang='lat' dir='ltr'><em>[cenat</em></span> <span class='ocrx_word' id='word_1_118' title='bbox 600 2216 766 2296; x_wconf 87' lang='lat' dir='ltr'><em>mancipari</em></span> <span class='ocrx_word' id='word_1_119' title='bbox 771 2232 784 2290; x_wconf 87' lang='lat'><em>,·</em></span> <span class='ocrx_word' id='word_1_120' title='bbox 797 2214 988 2276; x_wconf 80' lang='lat' dir='ltr'><em>nihilominus</em></span> <span class='ocrx_word' id='word_1_121' title='bbox 1000 2234 1101 2277; x_wconf 89' lang='lat' dir='ltr'><em>sacro-</em></span> 
     </span>
    </p>

    <p class='ocr_par' dir='ltr' id='par_1_15' title="bbox 129 2315 1102 2399">
     <span class='ocr_line' id='line_1_16' title="bbox 129 2315 1102 2399; baseline 0.008 -28"><span class='ocrx_word' id='word_1_122' title='bbox 129 2330 192 2374; x_wconf 82' lang='lat' dir='ltr'><em>rum</em></span> <span class='ocrx_word' id='word_1_123' title='bbox 216 2317 330 2377; x_wconf 88' lang='lat' dir='ltr'><em>rituum</em></span> <span class='ocrx_word' id='word_1_124' title='bbox 356 2316 550 2398; x_wconf 78' lang='lat' dir='ltr'><em>Conqreqatio</em></span> <span class='ocrx_word' id='word_1_125' title='bbox 565 2318 677 2379; x_wconf 85' lang='lat' dir='ltr'><em>censuit</em></span> <span class='ocrx_word' id='word_1_126' title='bbox 699 2324 830 2378; x_wconf 82' lang='lat' dir='ltr'><em>constare</em></span> <span class='ocrx_word' id='word_1_127' title='bbox 850 2316 885 2379; x_wconf 87' lang='lat' dir='ltr'><em>de</em></span> <span class='ocrx_word' id='word_1_128' title='bbox 906 2315 1056 2399; x_wconf 78' lang='lat' dir='ltr'><em>martyrio</em></span> <span class='ocrx_word' id='word_1_129' title='bbox 1075 2326 1102 2379; x_wconf 83' lang='lat' dir='ltr'><em>et</em></span> 
     </span>
    </p>

    <p class='ocr_par' dir='ltr' id='par_1_16' title="bbox 128 2421 1103 2503">
     <span class='ocr_line' id='line_1_17' title="bbox 128 2421 1103 2503; baseline 0.007 -28"><span class='ocrx_word' id='word_1_130' title='bbox 128 2434 210 2479; x_wconf 86' lang='lat' dir='ltr'><em>causa</em></span> <span class='ocrx_word' id='word_1_131' title='bbox 225 2422 381 2501; x_wconf 79' lang='lat' dir='ltr'><em>martyrii,</em></span> <span class='ocrx_word' id='word_1_132' title='bbox 405 2430 435 2483; x_wconf 88' lang='lat' dir='ltr'><em>et</em></span> <span class='ocrx_word' id='word_1_133' title='bbox 452 2429 576 2503; x_wconf 87' lang='lat' dir='ltr'><em>uterque</em></span> <span class='ocrx_word' id='word_1_134' title='bbox 588 2421 622 2481; x_wconf 90' lang='lat' dir='ltr'><em>in</em></span> <span class='ocrx_word' id='word_1_135' title='bbox 635 2422 797 2483; x_wconf 83' lang='lat' dir='ltr'><em>Beatornm</em></span> <span class='ocrx_word' id='word_1_136' title='bbox 817 2440 971 2482; x_wconf 82' lang='lat' dir='ltr'><em>numerum</em></span> <span class='ocrx_word' id='word_1_137' title='bbox 990 2422 1103 2483; x_wconf 77' lang='lat' dir='ltr'><em>relatsts</em></span> 
     </span>
    </p>

    <p class='ocr_par' dir='ltr' id='par_1_17' title="bbox 128 2520 1102 2603">
     <span class='ocr_line' id='line_1_18' title="bbox 128 2520 1102 2603; baseline 0.006 -26"><span class='ocrx_word' id='word_1_138' title='bbox 128 2528 178 2580; x_wconf 86' lang='lat' dir='ltr'><em>cst.</em></span> <span class='ocrx_word' id='word_1_139' title='bbox 196 2521 253 2583; x_wconf 83' lang='lat' dir='ltr'><em>Per</em></span> <span class='ocrx_word' id='word_1_140' title='bbox 271 2521 382 2583; x_wconf 85' lang='lat' dir='ltr'><em>invicta</em></span> <span class='ocrx_word' id='word_1_141' title='bbox 404 2523 482 2583; x_wconf 86' lang='lat' dir='ltr'><em>enim</em></span> <span class='ocrx_word' id='word_1_142' title='bbox 494 2531 670 2603; x_wconf 82' lang='lat' dir='ltr'><em>arqumenta</em></span> <span class='ocrx_word' id='word_1_143' title='bbox 684 2520 911 2583; x_wconf 83' lang='lat' dir='ltr'><em>demonstratum</em></span> <span class='ocrx_word' id='word_1_144' title='bbox 927 2521 990 2602; x_wconf 77' lang='lat' dir='ltr'><em>fuit</em></span> <span class='ocrx_word' id='word_1_145' title='bbox 1011 2542 1031 2583; x_wconf 93' lang='lat' dir='ltr'><em>a</em></span> <span class='ocrx_word' id='word_1_146' title='bbox 1045 2540 1102 2603; x_wconf 91' lang='lat' dir='ltr'><em>po-</em></span> 
     </span>
    </p>

    <p class='ocr_par' dir='ltr' id='par_1_18' title="bbox 129 2622 1103 2704">
     <span class='ocr_line' id='line_1_19' title="bbox 129 2622 1103 2704; baseline 0.007 -28"><span class='ocrx_word' id='word_1_147' title='bbox 129 2622 335 2700; x_wconf 78' lang='lat' dir='ltr'><em>stulatoribus,</em></span> <span class='ocrx_word' id='word_1_148' title='bbox 357 2623 455 2684; x_wconf 85' lang='lat' dir='ltr'><em>odium</em></span> <span class='ocrx_word' id='word_1_149' title='bbox 476 2623 508 2684; x_wconf 86' lang='lat' dir='ltr'><em>in</em></span> <span class='ocrx_word' id='word_1_150' title='bbox 521 2622 608 2704; x_wconf 80' lang='lat' dir='ltr'><em>fidem</em></span> <span class='ocrx_word' id='word_1_151' title='bbox 628 2623 721 2704; x_wconf 79' lang='lat' dir='ltr'><em>fnisse</em></span> <span class='ocrx_word' id='word_1_152' title='bbox 740 2642 839 2685; x_wconf 87' lang='lat' dir='ltr'><em>aeram</em></span> <span class='ocrx_word' id='word_1_153' title='bbox 863 2642 980 2685; x_wconf 86' lang='lat' dir='ltr'><em>causam</em></span> <span class='ocrx_word' id='word_1_154' title='bbox 999 2622 1103 2684; x_wconf 88' lang='lat' dir='ltr'><em>mortis</em></span> 
     </span>
    </p>
   </div>
   <div class='ocr_carea' id='block_1_3' title="bbox 124 2724 1104 2995">
    <p class='ocr_par' dir='ltr' id='par_1_19' title="bbox 124 2724 1104 2995">
     <span class='ocr_line' id='line_1_20' title="bbox 124 2724 1104 2807; baseline 0.004 -26"><span class='ocrx_word' id='word_1_155' title='bbox 124 2724 335 2800; x_wconf 78' lang='lat' dir='ltr'><em>praedictorum</em></span> <span class='ocrx_word' id='word_1_156' title='bbox 352 2725 410 2788; x_wconf 87' lang='lat' dir='ltr'><em>Dei</em></span> <span class='ocrx_word' id='word_1_157' title='bbox 422 2745 584 2794; x_wconf 78' lang='lat' dir='ltr'><em>seruorum,</em></span> <span class='ocrx_word' id='word_1_158' title='bbox 602 2735 690 2807; x_wconf 91' lang='lat' dir='ltr'><em>atque</em></span> <span class='ocrx_word' id='word_1_159' title='bbox 699 2725 770 2787; x_wconf 83' lang='lat' dir='ltr'><em>adeo</em></span> <span class='ocrx_word' id='word_1_160' title='bbox 783 2745 850 2807; x_wconf 82' lang='lat' dir='ltr'><em>quae</em></span> <span class='ocrx_word' id='word_1_161' title='bbox 860 2745 878 2786; x_wconf 91' lang='lat' dir='ltr'><em>a</em></span> <span class='ocrx_word' id='word_1_162' title='bbox 889 2724 1104 2807; x_wconf 85' lang='lat' dir='ltr'><em>promotoribus</em></span> 
     </span>
     <span class='ocr_line' id='line_1_21' title="bbox 129 2824 1103 2910; baseline 0.008 -27"><span class='ocrx_word' id='word_1_163' title='bbox 129 2824 249 2889; x_wconf 85' lang='lat' dir='ltr'><em>adducta</em></span> <span class='ocrx_word' id='word_1_164' title='bbox 263 2834 366 2905; x_wconf 72' lang='lat' dir='ltr'><em>mont,</em></span> <span class='ocrx_word' id='word_1_165' title='bbox 379 2827 419 2888; x_wconf 84' lang='lat' dir='ltr'><em>od</em></span> <span class='ocrx_word' id='word_1_166' title='bbox 430 2828 536 2889; x_wconf 79' lang='lat' dir='ltr'><em>aiortis</em></span> <span class='ocrx_word' id='word_1_167' title='bbox 549 2829 723 2891; x_wconf 79' lang='lat' dir='ltr'><em>occasionem</em></span> <span class='ocrx_word' id='word_1_168' title='bbox 737 2848 795 2891; x_wconf 87' lang='lat' dir='ltr'><em>esse</em></span> <span class='ocrx_word' id='word_1_169' title='bbox 806 2828 973 2910; x_wconf 82' lang='lat' dir='ltr'><em>reserenda.</em></span> <span class='ocrx_word' id='word_1_170' title='bbox 989 2828 1103 2891; x_wconf 87' lang='lat' dir='ltr'><em>Hacte-</em></span> 
     </span>
     <span class='ocr_line' id='line_1_22' title="bbox 130 2931 475 2995; baseline 0.017 -8"><span class='ocrx_word' id='word_1_171' title='bbox 130 2944 187 2992; x_wconf 87' lang='lat' dir='ltr'><em>nus</em></span> <span class='ocrx_word' id='word_1_172' title='bbox 199 2931 385 2994; x_wconf 86' lang='lat' dir='ltr'><em>Benedictus</em></span> <span class='ocrx_word' id='word_1_173' title='bbox 398 2931 475 2995; x_wconf 83' lang='lat' dir='ltr'>xlv.</span> 
     </span>
    </p>
   </div>
   <div class='ocr_carea' id='block_1_4' title="bbox 167 3033 1374 3119">
    <p class='ocr_par' dir='ltr' id='par_1_20' title="bbox 167 3033 1374 3119">
     <span class='ocr_line' id='line_1_23' title="bbox 167 3033 1374 3119; baseline 0.004 -25"><span class='ocrx_word' id='word_1_174' title='bbox 167 3033 239 3095; x_wconf 76' lang='lat' dir='ltr'><em>Atia</em></span> <span class='ocrx_word' id='word_1_175' title='bbox 253 3035 361 3115; x_wconf 80' lang='lat' dir='ltr'><em>satura</em></span> <span class='ocrx_word' id='word_1_176' title='bbox 379 3035 526 3096; x_wconf 76' lang='lat' dir='ltr'><em>narratio.</em></span> <span class='ocrx_word' id='word_1_177' title='bbox 548 3035 704 3099; x_wconf 80' lang='lat' dir='ltr'><em>Nimirum</em></span> <span class='ocrx_word' id='word_1_178' title='bbox 723 3036 844 3116; x_wconf 82' lang='lat' dir='ltr'><em>integro</em></span> <span class='ocrx_word' id='word_1_179' title='bbox 858 3054 928 3099; x_wconf 87' lang='lat' dir='ltr'><em>eam</em></span> <span class='ocrx_word' id='word_1_180' title='bbox 943 3035 1107 3119; x_wconf 82' lang='lat' dir='ltr'><em>volumine</em></span> <span class='ocrx_word' id='word_1_181' title='bbox 1130 3059 1221 3117; x_wconf 59' lang='lat' dir='ltr'><em>aem,</em></span> <span class='ocrx_word' id='word_1_182' title='bbox 1233 3058 1327 3114; x_wconf 59' lang='lat' dir='ltr'><em>nem.</em></span> <span class='ocrx_word' id='word_1_183' title='bbox 1338 3060 1374 3103; x_wconf 72' lang='lat' dir='ltr'><em>aa.</em></span> 
     </span>
    </p>
   </div>
   <div class='ocr_carea' id='block_1_5' title="bbox 130 3123 1374 3527">
    <p class='ocr_par' dir='ltr' id='par_1_21' title="bbox 130 3123 1374 3527">
     <span class='ocr_line' id='line_1_24' title="bbox 131 3123 1374 3231; baseline 0.005 -35"><span class='ocrx_word' id='word_1_184' title='bbox 131 3146 311 3213; x_wconf 78' lang='lat' dir='ltr'><em>plosecutus</em></span> <span class='ocrx_word' id='word_1_185' title='bbox 326 3146 372 3199; x_wconf 91' lang='lat' dir='ltr'><em>est</em></span> <span class='ocrx_word' id='word_1_186' title='bbox 386 3138 521 3201; x_wconf 79' lang='lat' dir='ltr'><em>lacobus</em></span> <span class='ocrx_word' id='word_1_187' title='bbox 539 3137 634 3201; x_wconf 88' lang='lat' dir='ltr'><em>Susza</em></span> <span class='ocrx_word' id='word_1_188' title='bbox 650 3139 682 3200; x_wconf 92' lang='lat' dir='ltr'><em>in</em></span> <span class='ocrx_word' id='word_1_189' title='bbox 694 3139 777 3201; x_wconf 85' lang='lat' dir='ltr'><em>libro</em></span> <span class='ocrx_word' id='word_1_190' title='bbox 790 3139 954 3203; x_wconf 88' lang='lat' dir='ltr'><em>notissimo</em></span> <span class='ocrx_word' id='word_1_191' title='bbox 969 3160 975 3199; x_wconf 92' lang='lat'>:</span> <span class='ocrx_word' id='word_1_192' title='bbox 993 3138 1104 3201; x_wconf 87' lang='lat' dir='ltr'><em>Saulus</em></span> <span class='ocrx_word' id='word_1_193' title='bbox 1158 3123 1290 3231; x_wconf 52' lang='lat' dir='ltr'><em>ffifflii&#39;</em></span> <span class='ocrx_word' id='word_1_194' title='bbox 1309 3124 1374 3167; x_wconf 70' lang='lat'>⁸⁰¹⁰·</span> 
     </span>
     <span class='ocr_line' id='line_1_25' title="bbox 130 3233 1107 3324; baseline 0.008 -29"><span class='ocrx_word' id='word_1_195' title='bbox 130 3245 157 3296; x_wconf 89' lang='lat' dir='ltr'><em>et</em></span> <span class='ocrx_word' id='word_1_196' title='bbox 171 3240 284 3301; x_wconf 82' lang='lat' dir='ltr'><em>Paulus</em></span> <span class='ocrx_word' id='word_1_197' title='bbox 297 3240 442 3303; x_wconf 80' lang='lat' dir='ltr'><em>Batnenae</em></span> <span class='ocrx_word' id='word_1_198' title='bbox 455 3242 573 3302; x_wconf 89' lang='lat' dir='ltr'><em>unionis</em></span> <span class='ocrx_word' id='word_1_199' title='bbox 586 3233 727 3324; x_wconf 86' lang='lat' dir='ltr'><em>sanquine</em></span> <span class='ocrx_word' id='word_1_200' title='bbox 740 3243 778 3305; x_wconf 89' lang='lat' dir='ltr'><em>B.</em></span> <span class='ocrx_word' id='word_1_201' title='bbox 795 3242 940 3324; x_wconf 81' lang='lat' dir='ltr'><em>Josaplzat</em></span> <span class='ocrx_word' id='word_1_202' title='bbox 961 3241 1065 3323; x_wconf 75' lang='lat' dir='ltr'><em>transf</em></span> <span class='ocrx_word' id='word_1_203' title='bbox 1095 3278 1107 3291; x_wconf 92' lang='lat'><strong>·</strong></span> 
     </span>
     <span class='ocr_line' id='line_1_26' title="bbox 130 3340 1106 3428; baseline 0.008 -29"><span class='ocrx_word' id='word_1_204' title='bbox 130 3340 243 3417; x_wconf 69' lang='lat' dir='ltr'><em>aaath</em></span> <span class='ocrx_word' id='word_1_205' title='bbox 261 3342 321 3403; x_wconf 85' lang='lat' dir='ltr'><em>siae</em></span> <span class='ocrx_word' id='word_1_206' title='bbox 335 3342 470 3404; x_wconf 82' lang='lat' dir='ltr'><em>Meletins</em></span> <span class='ocrx_word' id='word_1_207' title='bbox 488 3342 695 3420; x_wconf 87' lang='lat' dir='ltr'><em>Smotriscins,</em></span> <span class='ocrx_word' id='word_1_208' title='bbox 711 3345 943 3427; x_wconf 73' lang='lat' dir='ltr'><em>archiepiscopus</em></span> <span class='ocrx_word' id='word_1_209' title='bbox 962 3344 1106 3428; x_wconf 89' lang='lat' dir='ltr'><em>Hierapo-</em></span> 
     </span>
     <span class='ocr_line' id='line_1_27' title="bbox 131 3440 1106 3527; baseline 0.011 -28"><span class='ocrx_word' id='word_1_210' title='bbox 131 3440 248 3515; x_wconf 86' lang='lat' dir='ltr'><em>titanus‚</em></span> <span class='ocrx_word' id='word_1_211' title='bbox 261 3459 432 3526; x_wconf 82' lang='lat' dir='ltr'><em>etc.‚quem</em></span> <span class='ocrx_word' id='word_1_212' title='bbox 441 3445 523 3527; x_wconf 90' lang='lat' dir='ltr'><em>typis</em></span> <span class='ocrx_word' id='word_1_213' title='bbox 533 3446 681 3509; x_wconf 85' lang='lat' dir='ltr'><em>Romanis</em></span> <span class='ocrx_word' id='word_1_214' title='bbox 688 3447 893 3510; x_wconf 83' lang='lat' dir='ltr'><em>mandaverat</em></span> <span class='ocrx_word' id='word_1_215' title='bbox 902 3464 986 3511; x_wconf 90' lang='lat' dir='ltr'><em>anno</em></span> <span class='ocrx_word' id='word_1_216' title='bbox 996 3448 1106 3511; x_wconf 86' lang='lat' dir='ltr'><em>salutis</em></span> 
     </span>
    </p>
   </div>
   <div class='ocr_carea' id='block_1_6' title="bbox 130 3550 1106 3714">
    <p class='ocr_par' dir='ltr' id='par_1_22' title="bbox 130 3550 1106 3714">
     <span class='ocr_line' id='line_1_28' title="bbox 132 3550 1106 3632; baseline 0.005 -24"><span class='ocrx_word' id='word_1_217' title='bbox 132 3552 222 3623; x_wconf 78' lang='lat' dir='ltr'><em>tuos,</em></span> <span class='ocrx_word' id='word_1_218' title='bbox 239 3567 297 3629; x_wconf 80' lang='lat' dir='ltr'><em>ego</em></span> <span class='ocrx_word' id='word_1_219' title='bbox 311 3567 384 3611; x_wconf 84' lang='lat' dir='ltr'><em>vero</em></span> <span class='ocrx_word' id='word_1_220' title='bbox 399 3568 501 3632; x_wconf 83' lang='lat' dir='ltr'><em>nuper</em></span> <span class='ocrx_word' id='word_1_221' title='bbox 516 3550 730 3613; x_wconf 83' lang='lat' dir='ltr'><em>recudendum</em></span> <span class='ocrx_word' id='word_1_222' title='bbox 749 3552 857 3613; x_wconf 86' lang='lat' dir='ltr'><em>curavi</em></span> <span class='ocrx_word' id='word_1_223' title='bbox 878 3551 1050 3626; x_wconf 81' lang='lat' dir='ltr'><em>Bruxellis,</em></span> <span class='ocrx_word' id='word_1_224' title='bbox 1075 3559 1106 3613; x_wconf 90' lang='lat' dir='ltr'><em>at</em></span> 
     </span>
     <span class='ocr_line' id='line_1_29' title="bbox 130 3651 597 3714; baseline 0.009 -4"><span class='ocrx_word' id='word_1_225' title='bbox 130 3651 331 3713; x_wconf 88' lang='lat' dir='ltr'><em>emendatum</em></span> <span class='ocrx_word' id='word_1_226' title='bbox 344 3660 374 3713; x_wconf 87' lang='lat' dir='ltr'><em>et</em></span> <span class='ocrx_word' id='word_1_227' title='bbox 388 3661 527 3714; x_wconf 83' lang='lat' dir='ltr'><em>auctum.</em></span> <span class='ocrx_word' id='word_1_228' title='bbox 595 3673 597 3681; x_wconf 67' lang='grc'>’</span> 
     </span>
    </p>
   </div>
   <div class='ocr_carea' id='block_1_7' title="bbox 131 3762 1368 4156">
    <p class='ocr_par' dir='ltr' id='par_1_23' title="bbox 131 3762 1368 4156">
     <span class='ocr_line' id='line_1_30' title="bbox 169 3762 1368 3857; baseline 0.003 -33"><span class='ocrx_word' id='word_1_229' title='bbox 169 3762 277 3825; x_wconf 82' lang='lat' dir='ltr'><em>Simile</em></span> <span class='ocrx_word' id='word_1_230' title='bbox 290 3762 489 3844; x_wconf 82' lang='lat' dir='ltr'><em>quidnarnat</em></span> <span class='ocrx_word' id='word_1_231' title='bbox 501 3764 541 3827; x_wconf 90' lang='lat' dir='ltr'><em>de</em></span> <span class='ocrx_word' id='word_1_232' title='bbox 553 3764 585 3827; x_wconf 88' lang='lat' dir='ltr'><em>P.</em></span> <span class='ocrx_word' id='word_1_233' title='bbox 602 3766 783 3827; x_wconf 87' lang='lat' dir='ltr'><em>Brachman</em></span> <span class='ocrx_word' id='word_1_234' title='bbox 794 3766 827 3827; x_wconf 92' lang='lat' dir='ltr'><em>P.</em></span> <span class='ocrx_word' id='word_1_235' title='bbox 843 3765 1103 3840; x_wconf 77' lang='lat' dir='ltr'><em>loanneslirews,</em></span> <span class='ocrx_word' id='word_1_236' title='bbox 1141 3795 1368 3857; x_wconf 42' lang='lat' dir='ltr'><em>mmmm</em></span> 
     </span>
     <span class='ocr_line' id='line_1_31' title="bbox 131 3867 1124 3950; baseline 0.004 -23"><span class='ocrx_word' id='word_1_237' title='bbox 131 3868 219 3948; x_wconf 82' lang='lat' dir='ltr'><em>qu&#39;us</em></span> <span class='ocrx_word' id='word_1_238' title='bbox 230 3867 362 3950; x_wconf 88' lang='lat' dir='ltr'><em>ipsamet</em></span> <span class='ocrx_word' id='word_1_239' title='bbox 372 3868 480 3949; x_wconf 85' lang='lat' dir='ltr'><em>accipe</em></span> <span class='ocrx_word' id='word_1_240' title='bbox 493 3868 589 3930; x_wconf 84' lang='lat' dir='ltr'><em>verba</em></span> <span class='ocrx_word' id='word_1_241' title='bbox 605 3889 611 3929; x_wconf 92' lang='lat'>:</span> <span class='ocrx_word' id='word_1_242' title='bbox 633 3890 649 3926; x_wconf 79' lang='lat' dir='ltr'><em>o</em></span> <span class='ocrx_word' id='word_1_243' title='bbox 661 3868 809 3943; x_wconf 79' lang='lat' dir='ltr'><em>Paionia,</em></span> <span class='ocrx_word' id='word_1_244' title='bbox 829 3873 1020 3948; x_wconf 64' lang='grc'><strong>3111101643,</strong></span> <span class='ocrx_word' id='word_1_245' title='bbox 1036 3868 1124 3933; x_wconf 68' lang='lat' dir='ltr'><em>fatis⁴</em></span> 
     </span>
     <span class='ocr_line' id='line_1_32' title="bbox 132 3972 1107 4052; baseline 0.002 -19"><span class='ocrx_word' id='word_1_246' title='bbox 132 3973 220 4034; x_wconf 88' lang='lat' dir='ltr'><em>oessit</em></span> <span class='ocrx_word' id='word_1_247' title='bbox 243 3973 276 4034; x_wconf 90' lang='lat' dir='ltr'><em>P.</em></span> <span class='ocrx_word' id='word_1_248' title='bbox 299 3972 440 4035; x_wconf 83' lang='lat' dir='ltr'><em>Andreas</em></span> <span class='ocrx_word' id='word_1_249' title='bbox 465 3974 663 4047; x_wconf 83' lang='lat' dir='ltr'><em>Brachman,</em></span> <span class='ocrx_word' id='word_1_250' title='bbox 691 3972 886 4047; x_wconf 79' lang='lat' dir='ltr'><em>PenthenuS,</em></span> <span class='ocrx_word' id='word_1_251' title='bbox 912 3972 960 4036; x_wconf 83' lang='lat' dir='ltr'><em>vic</em></span> <span class='ocrx_word' id='word_1_252' title='bbox 985 3990 1107 4052; x_wconf 80' lang='lat' dir='ltr'><em>magnae</em></span> 
     </span>
     <span class='ocr_line' id='line_1_33' title="bbox 132 4057 1107 4156; baseline 0.002 -21"><span class='ocrx_word' id='word_1_253' title='bbox 132 4072 346 4154; x_wconf 75' lang='lat' dir='ltr'><em>absoluteque</em></span> <span class='ocrx_word' id='word_1_254' title='bbox 358 4057 495 4136; x_wconf 75' lang='lat' dir='ltr'><em>uirtutis.</em></span> <span class='ocrx_word' id='word_1_255' title='bbox 514 4075 635 4137; x_wconf 84' lang='lat' dir='ltr'><em>Lethaii</em></span> <span class='ocrx_word' id='word_1_256' title='bbox 646 4073 989 4154; x_wconf 72' lang='lat' dir='ltr'><em>aegritudinelaborans</em></span> <span class='ocrx_word' id='word_1_257' title='bbox 1003 4092 1039 4137; x_wconf 88' lang='lat' dir='ltr'><em>ao</em></span> <span class='ocrx_word' id='word_1_258' title='bbox 1049 4093 1107 4156; x_wconf 84' lang='lat' dir='ltr'><em>pro</em></span> 
     </span>
    </p>
   </div>
   <div class='ocr_carea' id='block_1_8' title="bbox 0 0 1641 5484">
    <p class='ocr_par' dir='ltr' id='par_1_24' title="bbox 0 0 1641 5484">
     <span class='ocr_line' id='line_1_34' title="bbox 0 0 1641 5484; baseline 0 0"><span class='ocrx_word' id='word_1_259' title='bbox 0 0 1641 5484; x_wconf 95' lang='lat' dir='ltr'><em> </em></span> 
     </span>
    </p>
   </div>
  </div>
 </body>
</html>
