3259 5484
484 687 686 756 -1m..

118 846 158 908 die
170 852 202 911 ii
213 848 383 910 decembris
398 848 487 921 ioue,
503 847 655 920 laudavit,
671 855 702 907 et
714 844 911 927 approbarit,
930 852 961 907 et
973 830 1069 908 Breue

118 948 232 1031 desuper
242 950 272 1011 in
284 948 386 1012 formu
398 948 537 1029 expediri
553 946 725 1010 mandauit.

40 1206 43 1212 ,
147 1144 236 1206 Julius
248 1146 343 1227 episo.
361 1144 487 1205 Tuscul.
505 1141 596 1205 Card.
614 1141 769 1203 Sabellus.

756 1333 823 1383 Loro
837 1335 849 1383 i
863 1332 944 1395 Sigiiii

410 1507 442 1568 C.
467 1506 643 1577 Pnouumus,
657 1504 691 1565 S.
708 1504 852 1583 Conprep.
877 1502 942 1563 uit.
960 1502 1045 1561 Seru.

470 1790 683 1801 ..-—-—-——

428 2060 728 2145 INDULTUM

134 2333 354 2387 snucrlssuufl
372 2335 509 2387 nouum
527 2332 659 2385 NosTnt
678 2333 813 2385 usuum
831 2334 934 2383 PnPAE
954 2334 1029 2385 VIII

290 2537 441 2576 cunensium
458 2536 545 2575 HISSM
561 2536 591 2574 ΕΤ
608 2536 736 2575 nummum
752 2535 863 2575 osricum

107 2748 174 2845 DE
216 2756 269 2848 B.
321 2750 635 2847 MARTYRE
674 2752 1064 2862 JOSAPHATO

209 2977 396 3017 Aucusueuscoeo
412 2977 550 3027 POLOCENSI,
573 2978 686 3018 HONACHO
702 2978 797 3018 onustus
813 2980 835 3019 S.
853 2979 948 3018 BASiLH.

358 3190 544 3257 URBANUS
579 3190 684 3257 ΡΑΡΑ
717 3194 788 3261 Vlll

388 3400 419 3431 Au
434 3398 570 3433 usnemun
586 3397 625 3433 ull
639 3398 767 3433 sanorem.

134 3628 164 3689 {n
187 3629 266 3692 Sede
294 3629 447 3713 principis
472 3630 705 3710 Apostolorum,
734 3633 831 3694 nuliis
855 3634 926 3695 licet
954 3636 1067 3697 nostris

99 3731 335 3811 suffragantibus
345 3732 477 3805 inentis,
493 3730 600 3794 divina
616 3732 813 3813 providentia
828 3736 1004 3825 constituti,
1027 3737 1066 3797 ad

99 3850 138 3907 eu,
153 3854 208 3915 per
222 3854 293 3917 quae
303 3853 465 3897 servorum
480 3834 606 3912 Christi,
617 3837 671 3916 qui
686 3854 742 3917 pro
759 3838 826 3917 ejus
839 3838 975 3901 Ecclesia
990 3858 1066 3901 san·

98 3936 218 4010 guinem
239 3956 333 3999 suurn
352 3936 512 4010 fuderunt,
542 3938 700 3999 veneratio
715 3938 746 3998 in
761 3940 851 4001 terris
876 3958 1067 4020 promovea-

99 4045 154 4112 tur,
169 4050 199 4101 et
218 4040 364 4102 laudetur
379 4040 531 4102 Dominus
546 4042 577 4101 in
590 4040 711 4102 Sanctis
726 4041 801 4115 suis,
822 4045 987 4123 pastoralis
1003 4064 1068 4107 mu-

99 4142 175 4203 neris
190 4143 288 4204 nostri
301 4152 405 4224 partes
420 4142 583 4223 propensis
598 4141 709 4207 studiis
724 4142 954 4225 impendimus:
972 4156 1067 4227 prout

962 4250 995 4304 ii)
1089 4262 1094 4267 '
