3259 5484
932 698 1133 775 -182-

541 882 601 949 pro
618 880 714 927 causa
730 862 844 943 optimi
867 863 1010 947 presulis
1029 861 1238 937 advocantes;
1253 862 1286 925 in
1301 860 1419 945 quihus
1433 880 1525 925 asse-

540 966 631 1041 ritur,
651 982 777 1027 serrum
794 964 848 1027 Dei
866 964 909 1028 ob
931 964 1123 1045 singularem
1147 964 1178 1025 in
1198 964 1400 1047 propaganda
1423 972 1524 1027 tuen-

539 1067 645 1150 daque
657 1064 836 1129 orthodoxa
850 1064 912 1128 tide
926 1066 1135 1129 constantiam
1153 1084 1190 1127 ac
1209 1064 1361 1129 fervorem
1382 1066 1526 1146 gloriosa

540 1176 642 1233 morte
663 1167 849 1231 occubuisse
874 1176 905 1230 et
929 1166 1079 1247 suffragia
1102 1167 1264 1229 luculenta
1286 1167 1428 1247 martyrii
1454 1167 1526 1248 ejus

539 1279 727 1355 prestantur
746 1270 863 1351 gaudio
884 1288 1050 1351 expresso,
1073 1268 1244 1332 Ecclesiam
1264 1269 1443 1332 liuthenam
1465 1269 1524 1331 diu

538 1376 677 1439 sterilem
699 1374 772 1435 nori
794 1372 942 1455 martyris
965 1372 1118 1452 sanguine
1144 1372 1305 1451 irrigatam
1320 1390 1406 1445 esse,
1425 1380 1525 1453 atque

539 1476 578 1539 ad
591 1476 674 1539 hauc
687 1474 720 1538 S.
737 1472 849 1559 Sedem
867 1474 1020 1537 fluentum
1033 1474 1101 1556 ejus
1115 1474 1278 1553 sanguinis
1293 1473 1480 1548 transmitti,
1492 1482 1524 1535 et

538 1578 709 1663 pretiosam
722 1585 858 1640 mortem
871 1576 1031 1640 fortissimi
1043 1577 1168 1639 athletae
1185 1576 1341 1639 extollunt
1359 1594 1396 1637 ea
1413 1577 1524 1639 solum

537 1683 578 1747 de
591 1700 702 1755 causa,
722 1683 799 1765 quia
814 1680 1000 1745 cathedram
1015 1680 1096 1743 Petri
1112 1680 1254 1762 impense
1274 1679 1419 1754 nolebat,
1438 1698 1523 1743 con-

537 1794 656 1849 stanter
668 1784 886 1869 profitebatur,
903 1792 934 1846 et
948 1784 1026 1847 alios
1039 1782 1078 1846 ad
1103 1800 1172 1845 eam
1193 1783 1288 1845 verbo
1301 1792 1332 1845 et
1346 1802 1444 1865 opere
1460 1802 1525 1845 ma-

538 1888 719 1951 nuduucbat
726 1909 736 1963 ;
748 1887 913 1969 multaque
926 1886 968 1949 ibi
982 1884 1161 1949 referuntur
1173 1885 1317 1947 miranda
1334 1895 1365 1947 et
1378 1886 1524 1965 glorioso

538 1990 668 2071 martyri
687 1990 793 2052 cultus
810 1998 842 2051 et
860 1988 1019 2050 veneratio
1040 1987 1249 2069 supplicatur,
1272 1995 1304 2049 et
1327 2006 1428 2070 prope
1449 1988 1524 2070 jure

540 2110 599 2156 suo
612 2092 759 2173 exigitor,
776 2092 809 2152 in
831 2108 896 2172 quo
917 2096 990 2153 vota
1004 2087 1101 2150 totius
1122 2088 1209 2168 regni
1233 2087 1369 2151 Poloniae
1387 2089 1523 2170 conspi-

538 2210 610 2255 rare
623 2197 804 2254 constanter
818 2198 1023 2253 asseveratur.
1039 2190 1073 2252 ln
1088 2189 1206 2272 quibus
1216 2190 1373 2272 epistolis,
1387 2198 1523 2251 attesta-

539 2294 680 2358 tionibus
693 2303 725 2356 et
738 2293 885 2376 precibus
897 2293 1111 2375 piissimorum
1125 2292 1322 2375 principum,
1340 2293 1522 2355 antistitum

537 2406 570 2461 et
582 2397 776 2479 populorum
789 2396 927 2457 multum
943 2396 1095 2458 momenti
1108 2396 1248 2478 positum
1263 2394 1361 2458 estad
1379 2395 1523 2477 proban·

536 2499 616 2564 dum
626 2499 814 2580 martyrium
828 2506 859 2561 et
872 2516 1001 2561 causum
1016 2500 1167 2581 martyrii.

577 2612 737 2693 Frequens
760 2609 901 2673 fidelium
918 2609 1044 2673 devotio
1067 2609 1107 2673 ad
1130 2611 1363 2673 venerationem
1378 2610 1520 2692 sepulcri

536 2712 634 2793 hujus
653 2711 735 2774 servi
752 2710 806 2774 Dei
827 2719 980 2793 tanquam
1004 2712 1148 2793 martyris
1172 2719 1203 2774 et
1222 2711 1430 2793 reliquiarum
1450 2712 1521 2793 ejus

536 2814 660 2890 cultus,
677 2813 716 2877 de
729 2813 848 2896 quibus
861 2814 1013 2896 praecitati
1028 2822 1119 2877 testes
1137 2815 1324 2896 loquuntur,
1340 2821 1370 2875 et
1382 2815 1519 2894 signan-

537 2924 585 2979 ter
602 2919 661 2992 ll,
683 2920 723 2979 53
744 2924 776 2979 et
795 2921 854 2989 59,
870 2917 957 2999 quod
979 2918 1151 2981 sanctitatis
1164 2925 1195 2980 et
1213 2918 1351 2980 veritatis
1371 2917 1518 2999 martyrii

537 3019 691 3084 indicium
702 3029 768 3096 est,
788 3030 820 3083 et
835 3022 932 3084 reteri
944 3022 1090 3084 Ecclesia
1104 3021 1332 3084 consuetudine
1351 3030 1518 3103 receptum

536 3141 575 3185 er
585 3124 620 3186 D.
635 3124 820 3204 Augustino,
834 3125 972 3187 Desinit.
986 3126 1053 3198 liei,
1070 3125 1091 3187 l.
1105 3128 1155 3198 22,
1172 3143 1230 3206 cap
1257 3129 1287 3199 8,
1304 3124 1516 3198 Theodoram,

536 3227 559 3289 l.
571 3227 645 3288 illle
658 3236 755 3288 curat.
773 3226 867 3289 Graec.
882 3228 978 3307 effect.
993 3228 1075 3290 circa
1094 3229 1208 3304 finem,
1225 3238 1255 3291 et
1272 3227 1331 3291 fuit
1344 3228 1468 3290 dictum
1484 3231 1517 3291 in
1624 3296 1625 3309 ,

536 3328 689 3392 Relatione
701 3329 732 3392 S.
747 3330 941 3410 Raymundi,
957 3340 1015 3393 ete.
1036 3331 1137 3413 Atque
1151 3332 1244 3393 etiam
1259 3332 1370 3394 votivae
1389 3332 1518 3395 tabellae

537 3430 577 3494 ad
599 3433 781 3515 sepulcrum
804 3434 885 3494 servi
901 3435 956 3496 Dei
971 3452 1134 3516 appensae,
1151 3434 1322 3516 dequibus
1341 3454 1378 3496 er
1403 3436 1516 3497 visita·
1624 3430 1625 3437 '

537 3534 622 3596 tione
638 3533 736 3597 relata
750 3535 783 3596 in
797 3524 934 3597 Processu
955 3535 1021 3616 (iol.
1039 3540 1093 3610 69,
1108 3536 1147 3599 ad
1164 3537 1272 3617 finem)
1290 3536 1426 3615 insignia
1440 3547 1517 3598 sunt

537 3638 710 3700 sanctitatis
724 3641 921 3720 praestantia,
939 3640 1051 3715 illum,
1075 3641 1107 3702 in
1131 3641 1222 3721 cujus
1242 3640 1397 3703 honorem
1419 3640 1515 3702 dedi-

536 3748 659 3814 cantur,
676 3742 778 3803 rirum
793 3761 859 3805 esse
879 3744 942 3805 Deo
961 3752 1105 3822 gratum3
1128 3761 1261 3823 mosque
1281 3742 1341 3804 iuit
1364 3744 1516 3824 antiquus

536 3842 570 3904 in
593 3844 723 3906 ecclesia
746 3844 959 3926 suspendendi
973 3846 1031 3908 lras
1046 3846 1193 3921 tabellas,
1216 3846 1367 3909 beneficia
1386 3857 1515 3930 accepta

536 3946 695 4017 testantes,
712 3951 747 4005 ut
763 3942 855 4005 docet
866 3945 901 4006 ll.
917 3944 1120 4025 Augustinus,
1134 3947 1179 4007 De
1201 3946 1281 4007 eicit.
1299 3947 1367 4020 Dei,
1384 3946 1435 4007 lib.
1453 3952 1512 4020 22,

536 4063 600 4126 cap.
616 4048 653 4119 8,
676 4053 707 4106 et
718 4043 777 4106 luit
797 4044 917 4107 dictum
933 4046 965 4107 in
981 4045 1133 4109 Belutione
1146 4047 1180 4109 S.
1198 4047 1379 4128 Hyacinthi,
1397 4047 1431 4109 de
1450 4049 1513 4109 mi·
1622 4108 1623 4115 ,

537 4148 669 4222 ruralis,
685 4167 758 4231 pag.
775 4152 826 4224 28.
