3259 5484
335 1353 455 1399 arlmona
472 1353 578 1408 intestata,

992 714 1193 783 -ll2-

608 877 748 955 leucas,
772 872 918 943 mutatis
939 872 1180 953 vestimentis,
1203 871 1376 941 Polcciam
1394 872 1437 941 ad
1451 871 1554 964 sepul-

607 1007 706 1057 crum
737 984 902 1075 martyris
927 983 1093 1063 accessit,
1112 983 1239 1052 marite
1253 982 1486 1053 valetudinem
1500 982 1554 1049 im-

607 1096 776 1190 ploravit:
790 1096 851 1188 qui
863 1094 961 1166 brevi
972 1093 1219 1165 convalescens
1228 1099 1309 1187 post
1320 1094 1480 1174 reditum,
1492 1099 1554 1163 vcta

609 1208 728 1278 uxoris
753 1206 899 1299 martyri
915 1206 1079 1276 exsolvit.¹

651 1318 705 1389 20.
736 1317 894 1388 Civitatis
919 1317 1078 1408 ejusdem
1098 1316 1231 1397 accola,
1254 1316 1384 1409 Regina
1402 1314 1555 1387 Michaelis

587 1430 727 1525 ⁴vidua,
757 1430 912 1522 maligne
937 1430 1085 1522 spiritu,
1111 1430 1249 1521 integro
1277 1452 1369 1499 anno
1396 1429 1552 1507 divexala,

605 1562 725 1633 neque
768 1563 888 1633 crare,
923 1562 1038 1633 neque
1071 1562 1170 1610 secra
1210 1541 1410 1609 auscultare
1448 1540 1553 1632 patuit.

608 1652 825 1744 Quandoque
851 1651 990 1721 libellos
1020 1651 1139 1743 piose
1168 1672 1273 1720 manu
1306 1650 1373 1744 ipsi
1406 1648 1556 1742 eripiebat

606 1761 781 1853 malignus
808 1763 943 1832 daemon
970 1786 977 1829 :
1007 1762 1237 1854 quandoque,
1264 1769 1345 1831 ante
1379 1784 1480 1831 sacrae
1503 1761 1555 1829 ele·

605 1876 780 1945 rationem
804 1874 944 1954 hostiae,
977 1874 1149 1945 violenter
1179 1875 1338 1945 eamdem
1368 1876 1412 1945 de
1446 1874 1555 1965 temple

607 1987 774 2080 pellebat.
790 1991 931 2057 Patrum
948 1987 1131 2056 Societatis
1140 1991 1221 2056 lesu
1233 1987 1382 2067 monitu,
1404 1984 1556 2079 quampri-

606 2123 702 2169 mum
714 2101 915 2193 sepulcrum
929 2100 1093 2191 martyris
1102 2098 1195 2180 visit,
1209 2122 1253 2169 ex
1267 2101 1402 2192 integro
1416 2099 1553 2169 liberata.

649 2212 704 2281 2l.
731 2213 1267 2305 GeorgiusMalthiaePclocensis
1279 2213 1402 2305 viginti
1416 2212 1556 2304 septima·

606 2330 680 2409 nie,
703 2351 774 2421 prae
788 2328 912 2397 morbo
933 2329 1041 2420 gravi,
1061 2330 1104 2398 de
1127 2329 1217 2398 lecto
1233 2350 1376 2420 surgere
1404 2326 1553 2420 nequivit.

604 2446 632 2511 Α
662 2442 821 2535 patribus
847 2442 1029 2512 Societatis
1052 2447 1133 2512 lesu
1156 2443 1329 2535 particula
1352 2442 1456 2511 cilicii
1478 2462 1556 2509 mar-

607 2554 694 2645 tyris
713 2554 882 2646 losephat
907 2555 950 2624 de
975 2554 1065 2623 collo
1091 2553 1159 2647 ipsi
1187 2576 1382 2646 suspensa,
1410 2576 1454 2623 ex
1482 2570 1555 2619 num

607 2663 822 2733 revalescere
839 2665 966 2756 caepit,
991 2672 1027 2733 et
1047 2665 1151 2733 tertia
1181 2664 1263 2744 die,
1288 2664 1423 2756 integre
1437 2661 1556 2731 incolu-

606 2777 673 2845 mis
698 2777 863 2868 martyris
900 2777 1063 2869 sepulcro
1095 2798 1171 2846 sese
1198 2775 1446 2869 praesentavit,
1483 2790 1555 2841 amc

606 2888 728 2957 eodem
744 2886 844 2956 l626.

650 2999 705 3068 22.
730 2991 1556 3078 thramiiHrinieviciirolocensis‚eodemsalutis

606 3132 718 3191 anno,
737 3110 934 3190 incelebri,
957 3110 1029 3178 filia
1045 3114 1221 3191 Susanna,
1243 3111 1378 3180 fluxum
1397 3105 1555 3201 sanguiris

606 3221 901 3291 immedicabilem
927 3219 1082 3312 patiens,
1101 3227 1283 3314 aparente
1300 3222 1342 3290 ad
1374 3221 1554 3313 sepulcrum

606 3331 698 3400 servi
713 3331 776 3399 Dei
788 3330 928 3410 oblata,
947 3352 991 3399 ex
1001 3353 1096 3399 nunc
1110 3332 1268 3401 levamen
1285 3333 1415 3412 sensit,
1431 3338 1465 3401 ct
1478 3324 1556 3397 brevi

605 3440 723 3509 fluxus
742 3441 801 3511 ille
813 3440 975 3510 siccatus,

648 3551 703 3619 23.
728 3551 906 3622 Michaelis
921 3552 1157 3642 Tyszkievicii‚
1173 3553 1379 3644 vicejudicis
1398 3546 1555 3623 terrestris

603 3664 814 3744 Palmensis,
839 3686 994 3744 censore,
1025 3665 1200 3734 Christina
1223 3666 1420 3747 Sviderska,
1441 3665 1555 3759 pericu-

608 3778 683 3846 lose
707 3777 833 3846 afflicta
860 3777 1003 3857 morbo,
1039 3778 1182 3871 propior
1210 3780 1333 3861 morti,
1363 3802 1467 3872 quam
1494 3776 1555 3845 vita

602 3891 670 3959 luit
685 3915 692 3959 ε
710 3913 730 3959 a
749 3890 895 3961 medicis
910 3892 1107 3983 desperata,
1125 3891 1289 3983 martyris
1303 3892 1495 3984 patrocinio
1507 3884 1556 3979 per

602 4003 788 4095 conjugem
807 4004 934 4073 devota
961 4002 1111 4071 revaluit
1132 4026 1139 4069 :
1166 4008 1285 4094 etque
1306 4026 1343 4073 se
1371 4002 1556 4072 obstrinxe-

600 4123 672 4195 rat,
690 4114 830 4184 tabellae
841 4119 1030 4206 argenteae,
1047 4134 1136 4183 sana.
1143 4114 1294 4184 exsolvit
1307 4124 1439 4186 votum.
1455 4162 1460 4171 ·
