3259 5484
435 748 614 817 ..57-

36 917 70 978 et
81 907 261 1001 pontificis
272 907 407 976 romani
418 907 653 976 obedientiam
661 903 811 976 feliciter
821 906 1004 977 instillare.

78 1019 255 1088 Fluebant
273 1018 392 1110 itaque
420 1018 462 1086 ad
487 1025 642 1086 sanctam
670 1018 746 1109 ejus
773 1039 924 1098 nassam,
940 1018 1008 1109 piis

37 1137 146 1223 captae
159 1130 251 1199 dolis
267 1129 404 1198 animae.
422 1135 486 1198 Per
502 1129 634 1222 ipsum,
646 1137 775 1221 praeter
788 1130 1008 1221 supradictos
1044 1120 1270 1181 “dicundum

40 1246 284 1336 praecellentes
300 1245 393 1313 viros
408 1245 625 1325 senatorios,
643 1244 745 1313 multi
759 1244 916 1323 nobileS,
934 1244 1012 1336 plu·

39 1356 115 1424 rimi
143 1356 257 1437 cives,
291 1355 465 1425 innumeri
489 1377 626 1436 vernae,
650 1355 743 1424 inter
764 1356 925 1424 haeredes
948 1355 1009 1423 Dei

40 1473 73 1535 et
88 1468 292 1537 cohaeredes
307 1465 434 1536 Christi
449 1466 629 1558 adscripti.
648 1465 784 1534 Polocia
800 1466 953 1533 maxima
966 1487 1010 1534 ex

41 1587 136 1670 parte
149 1602 321 1650 conversa
336 1580 387 1648 illi
403 1601 502 1648 suam
519 1580 668 1650 salutem
680 1585 860 1670 acceptam
873 1578 1010 1647 deferre

42 1697 189 1761 tenetur.
202 1693 570 1784 Gaudebatlosaphat,
585 1691 697 1761 sicubi
709 1691 951 1771 tumPolociae,
967 1691 1010 1760 de

42 1827 75 1873 se
95 1805 163 1874 dici
187 1807 400 1882 corrobora,
418 1806 615 1873 animarum
630 1812 751 1897 raptor
772 1805 1007 1876 felicissimus.

82 1920 123 1984 Ut
136 1917 319 1987 dioecesim
332 1939 431 1986 suam
448 1917 648 1994 excoleret,
668 1916 869 1985 continuam
884 1916 1012 1984 visita-

44 2025 171 2095 tionem
197 2027 373 2096 adbibuit.
406 2031 450 2097 Ut
479 2028 610 2095 clerum
637 2027 848 2118 perpoliret,
878 2028 1011 2117 synodo

44 2141 232 2226 quotannis
250 2146 326 2209 acta
348 2141 486 2210 vivendi
503 2141 657 2209 rationes
672 2140 809 2233 legibus
831 2141 1012 2233 praescrip-

45 2251 96 2320 sit.
125 2257 168 2322 Ut
193 2253 300 2324 laicos
316 2255 448 2347 pietate
468 2254 660 2323 instrueret
676 2275 715 2322 ac
737 2253 772 2320 in
797 2254 865 2322 fide
888 2253 1014 2320 firma-

46 2371 115 2443 ret,
153 2365 378 2435 sermonibus
412 2365 629 2456 apostolicis,
655 2363 877 2433 catechismis
908 2363 1012 2432 editis

46 2473 186 2558 imbuit,
207 2479 469 2571 roboravitque.
488 2479 600 2548 Etiam
623 2502 641 2547 a
660 2501 778 2548 mensa
793 2502 961 2571 surgens,
977 2485 1013 2548 et

49 2583 262 2679 indignitatis
287 2589 323 2656 in
348 2611 412 2657 sua
435 2589 621 2659 immemor
644 2590 832 2682 dignitate,
853 2591 895 2658 ad
917 2590 1013 2658 infir·

48 2719 116 2766 mos
131 2702 250 2771 unitos
275 2701 587 2795 schismaticosque
612 2704 833 2796 properavit,
859 2705 1013 2773 etconfi-

50 2810 198 2881 tentibus
220 2835 340 2882 aurem
360 2814 532 2905 praebuit,
557 2821 598 2883 ut
620 2814 669 2884 sic
693 2815 850 2884 ecclesiae
870 2820 1012 2909 Deoque

49 2919 186 2990 Domino
226 2922 305 2990 illas
335 2923 542 2992 lucraretur.
569 2925 636 2993 Sed
670 2947 749 2993 cum
779 2925 1013 2994 schismaticis

49 3032 226 3125 Josaphat,
245 3035 350 3102 etiam
364 3035 530 3126 gravibus
544 3036 649 3104 laesus
664 3035 820 3127 injuriis,
839 3037 1014 3106 demiran-

50 3142 125 3211 dum
136 3148 334 3217 declararet
344 3170 511 3230 amorem,
528 3149 629 3241 longe
640 3150 750 3242 magis
763 3151 1014 3243 obstupescen-

50 3254 124 3323 dum
140 3258 253 3351 ipsius
271 3259 470 3328 schismatis
484 3261 658 3330 universis
673 3261 837 3353 probavit
858 3261 976 3330 odium
1003 3284 1011 3329 :

51 3385 122 3433 curn
141 3369 229 3439 illud
245 3371 474 3440 concionibus
489 3378 670 3463 argueret,
690 3372 912 3441 sermonibus
934 3393 1016 3440 con·

51 3477 219 3562 vinceret,
246 3483 413 3552 ecclesias
440 3483 534 3576 ipsas
557 3484 757 3563 clauderet,
789 3485 1010 3564 sacerdoteS,

52 3589 130 3660 alios
150 3595 265 3686 poenis
288 3602 485 3674 coerceret,
511 3595 597 3663 alios
618 3594 760 3664 dioecesi
786 3595 1011 3687 prohiberet,

51 3697 224 3799 librosque
236 3708 647 3798 blasphemosexureret.
661 3708 1015 3801 Hisetsuperioribus
1058 3727 1061 3734 ·

53 3813 190 3898 artibus
206 3818 293 3887 adeo
305 3818 426 3887 unioni
440 3819 826 3910 profuerat‚schismati
837 3820 1012 3900 obfuerat,

55 3929 90 3990 ut
101 3928 231 4021 erigere
250 3937 355 4021 caput
370 3930 448 4010 ista,
463 3952 565 3999 ruere
579 3930 665 3998 illud
678 3931 809 4022 ubique
822 3932 1014 4002 videretur.·

93 4040 169 4107 Tam
194 4041 374 4133 prosperis
394 4043 533 4111 unionis
551 4041 678 4121 rebus,
703 4042 762 4111 ille
780 4043 955 4111 homicida
972 4043 1016 4111 ab

56 4141 145 4218 initio
166 4159 321 4222 tartarea
336 4176 399 4222 sua
425 4154 563 4224 obstitit
578 4153 748 4247 potentia.
769 4157 869 4224 Anno
894 4154 1017 4223 salutis
