3259 5484
979 686 1160 756 ...16-

586 845 676 916 ratio
691 846 911 928 enotuisset3
931 845 1092 916 attonitis
1110 845 1327 938 trepidisque
1347 847 1564 939 subjunxit:

586 979 623 1028 se
639 957 674 1026 in
686 958 824 1028 inferno
843 957 970 1038 luisse,
987 964 1023 1027 et
1035 956 1207 1026 diabolica
1221 958 1347 1040 verba,
1373 959 1506 1051 quibus
1520 960 1565 1028 ad

586 1069 821 1161 proditionem
833 1067 915 1138 lidei
929 1068 1168 1146 induceretur,
1183 1069 1372 1140 audivisse.
1388 1070 1565 1140 Postridie

585 1178 764 1248 nilminus
779 1201 886 1272 quam
896 1178 1012 1250 redire
1027 1179 1239 1271 cogitantem
1251 1182 1419 1274 Josaphat
1430 1181 1565 1273 scripto

585 1289 736 1359 invitant
754 1289 819 1359 illi.
834 1291 901 1360 Sed
916 1290 1079 1360 rescribit
1093 1290 1181 1362 iste:
1199 1313 1253 1372 se,
1275 1297 1314 1360 ut
1328 1292 1561 1383 promiserat,

585 1405 696 1472 Deum
711 1401 948 1482 consuluisse,
966 1400 1027 1492 qui
1044 1401 1190 1494 deipsis
1211 1401 1379 1471 dixisset:
1395 1401 1564 1492 Capitone-

584 1523 663 1582 ruot
681 1513 841 1593 consilio,
858 1533 929 1604 quoe
946 1534 1011 1581 oon
1021 1521 1196 1603 potueruut
1206 1515 1367 1584 stabilire.
1386 1519 1430 1585 Se
1444 1516 1563 1607 ipsum

585 1647 668 1694 vero
694 1624 891 1693 monitum:
916 1622 1032 1693 Oleum
1055 1627 1230 1714 peccatoris
1255 1648 1320 1695 aron
1341 1628 1563 1718 impinpambit

585 1743 681 1824 caput
704 1747 808 1803 tuum.
836 1733 984 1804 Proinde
1009 1734 1234 1826 quiescerent
1247 1743 1284 1806 et
1299 1737 1469 1808 valerent.
1494 1739 1562 1808 Sed

585 1845 736 1939 inquieti
761 1846 887 1915 iterato
907 1845 1012 1914 minis
1034 1847 1270 1941 precibusque
1291 1860 1463 1920 armatam
1479 1850 1563 1920 scri-

585 1981 687 2052 psere
709 1958 975 2040 invitationem;
999 1959 1164 2051 adquam
1180 1982 1224 2030 nc
1246 1961 1395 2032 verbum
1416 1963 1560 2055 quidem

583 2072 762 2162 losaphat.
790 2069 898 2139 Aiunt
933 2069 1093 2138 nonnulli
1118 2071 1199 2140 vitae
1231 2071 1309 2164 ejus
1336 2073 1558 2166 scriptores,

585 2181 743 2251 clausum
760 2202 842 2250 eum
861 2180 898 2248 in
920 2180 1119 2251 ecclesiast
1139 2181 1175 2250 in
1195 2183 1320 2253 faciem
1335 2184 1534 2276 proiectum
1550 2237 1558 2260 ,

585 2319 665 2368 curn
679 2297 843 2389 lacrymis
857 2320 877 2366 a
889 2301 979 2375 Deo,
998 2298 1041 2366 ad
1052 2298 1308 2371 convincendos
1323 2301 1558 2381 adversarios,
1626 2354 1627 2373 2

585 2414 706 2484 lumen
733 2413 890 2506 petiisse.
912 2417 1056 2482 Etcum
1080 2412 1173 2484 clare
1197 2421 1381 2486 sonantem
1406 2437 1469 2508 per
1496 2438 1561 2485 ec-

586 2523 728 2593 clesiam
745 2545 889 2594 vocem:
909 2523 1030 2594 Beatus
1042 2527 1096 2594 vir
1116 2524 1351 2613 quimandin
1372 2525 1409 2591 in
1427 2523 1561 2592 consilio

487 2655 488 2660 ’
585 2637 784 2726 impiorum,
807 2636 1024 2716 audivisset,
1051 2658 1092 2706 ea
1115 2635 1352 2706 confortatum
1377 2634 1561 2728 superiora

312 2885 483 2941 conspirationes
492 2886 559 2929 schis-

340 2951 463 2992 maticorum
495 2961 558 2992 ruve-

339 3011 417 3054 luntur.

586 2745 825 2839 rescripsisse.

629 2858 781 2928 Patescit
800 2859 936 2928 interea
951 2857 1130 2927 nonnullis
1149 2857 1389 2950 emagistratu
1404 2857 1561 2929 Vilncnsi

585 2992 649 3062 per
675 2971 864 3062 quemdam
890 2971 1101 3050 ruthenum,
1132 2969 1295 3062 proxima
1322 2969 1380 3040 die
1409 2969 1493 3039 solis
1517 2970 1561 3038 ad

586 3081 697 3150 aedem
709 3079 938 3150 sanctissime
949 3079 1129 3149 Trinitatis
1144 3081 1324 3150 unitorum
1334 3082 1560 3151 confluxuros

585 3194 628 3263 ad
648 3193 841 3262 matutinas
859 3214 982 3285 preces
1006 3193 1266 3276 schismaticos,
1288 3202 1325 3265 et
1344 3196 1560 3293 prodeuntes

584 3311 628 3378 ad
652 3311 807 3380 medium
837 3309 983 3402 templi,
1017 3309 1051 3377 in
1080 3333 1180 3381 sacro
1200 3318 1345 3393 ornatu,
1379 3316 1558 3381 cantatum

585 3420 813 3512 doxologion‚
837 3426 944 3512 prout
961 3421 1070 3490 moris
1089 3428 1161 3503 est,
1183 3425 1354 3515 quosdam
1370 3425 1558 3493 monachos

584 3552 648 3621 per
671 3532 812 3624 plebem
838 3534 1026 3626 rapiendos
1048 3536 1305 3628 caedcndosque
1328 3560 1336 3604 :
1362 3537 1475 3606 aedem
1497 3560 1556 3606 sa-

584 3665 678 3712 cram
706 3651 742 3715 et
760 3647 1014 3716 monasterium
1042 3649 1297 3740 occupandum.
1328 3650 1497 3720 Deferunt
1523 3651 1556 3720 hi

584 3755 742 3848 collegis,
763 3779 886 3828 omncs
902 3760 1015 3830 officio
1031 3761 1201 3831 castrensi
1219 3768 1256 3830 et
1273 3761 1451 3832 Demetrio
1466 3765 1555 3854 Karp

582 3869 838 3962 vicepalatin03
860 3871 891 3940 is
917 3872 1057 3942 Nioolao
1081 3873 1233 3942 Radzivil
1260 3873 1436 3966 palatino,
1459 3881 1556 3944 extra

582 3981 707 4052 urbem
723 3983 902 4054 existenti.
915 3989 965 4054 ux
975 4007 1070 4054 nunc
1080 3985 1141 4056 ille
1153 3987 1318 4056 rescribit
1330 4010 1338 4055 ε
1350 3994 1511 4056 moneret
1522 3992 1556 4057 et

582 4093 717 4175 unitoS,
741 4094 965 4188 invigilarent
990 4097 1148 4167 intanto
1171 4097 1354 4190 periculo:
1379 4105 1415 4170 et
1438 4099 1556 4168 archi-
