3259 5484
496 697 676 771 ..81-

93 883 142 929 rue
159 868 306 929 uestrum
325 867 508 949 pastorem
528 868 624 950 atque
639 862 775 930 ,utiuum
794 882 855 951 pro
878 860 987 944 uobis,
1009 881 1071 950 pro

93 974 212 1041 unione
233 981 364 1056 sanctu,
384 995 444 1061 pro
468 974 540 1041 sede
565 972 657 1041 Petri
679 994 955 1063 successorumque
979 974 1067 1061 ejus,

93 1083 315 1153 Romanorum
334 1084 552 1172 Pontificum,
584 1087 734 1153 animum
755 1086 922 1174 effundam
951 1104 1067 1153 mcum.

93 1194 327 1276 Quatriduum
357 1194 438 1263 vitae
470 1194 562 1263 beno
592 1195 725 1286 pastori
753 1202 961 1286 supererat,
989 1216 1066 1263 cuin

93 1310 290 1402 principem
314 1309 370 1378 sui
391 1310 603 1401 parricidam
622 1313 732 1379 Naum
754 1310 860 1390 notk,
888 1310 1068 1380 consulem

90 1421 375 1502 Vitebscensem‚
398 1421 524 1490 intimo
550 1422 687 1513 gratius
708 1423 820 1491 amico
840 1429 1065 1513 susceptum,
1097 1440 1342 1539 sentinarum.

91 1539 230 1609 cuidam
247 1540 390 1610 inimico
411 1540 490 1632 ejus
503 1540 690 1611 conciliare
705 1542 894 1621 niteretur,
915 1540 1069 1609 obstina·
1240 1528 1245 1539 ’

91 1656 196 1742 toque
219 1652 404 1743 praedixit,
427 1652 461 1720 ni
482 1652 721 1744 resipisceret,
744 1653 945 1723 truculenta
970 1653 1067 1724 brevi

91 1761 178 1829 tanti
194 1761 397 1855 periturum
419 1770 554 1831 morte:
576 1770 612 1832 et
633 1763 755 1855 periit,
782 1785 863 1833 curn
885 1787 966 1834 reus
982 1786 1069 1833 san-

89 1872 378 1965 guinepastcris,
397 1875 463 1944 sub
477 1876 613 1945 vindice
628 1876 744 1968 gladic
758 1877 904 1947 corruit.

130 1985 197 2053 Sed
212 1986 300 2053 dum
323 1986 437 2055 lassus
456 1986 501 2055 ab
516 1986 612 2057 hisce
633 1987 790 2056 &lamus
810 1989 995 2081 quiescere
1016 1988 1067 2056 in-

89 2095 222 2175 tendit,
249 2117 294 2164 en
322 2096 472 2187 majores
501 2098 685 2189 praesuleae
715 2098 854 2178 mortis,
884 2099 1063 2190 languenti

88 2224 159 2293 prae
174 2205 360 2273 doloribus
374 2206 512 2286 anime,
530 2207 648 2276 tuctus
664 2207 914 2277 obvolvuntur.

456 2864 604 2930 CAPUT
629 2853 692 2931 IV.

234 3119 274 3163 DE
294 3118 443 3165 unurrnro
463 3119 500 3163 ΕΤ
520 3121 604 3166 neris
626 3122 696 3166 POST
716 3123 905 3169 unnrrnluu.

462 3332 688 3347 m

127 3532 274 3601 Duabus
290 3535 497 3626 septimanis
509 3540 661 3609 Vitebsei
678 3544 807 3613 mansit
820 3568 901 3616 curn
917 3550 990 3621 suis
1001 3556 1057 3621 Jo-

85 3643 229 3732 saphat3
248 3649 284 3712 et
299 3645 437 3715 scelesti
450 3648 543 3718 cives
558 3672 680 3719 ansam
693 3656 914 3745 parricidalis
928 3660 1060 3731 violen-

85 3751 142 3822 tiae
158 3754 308 3846 singulis
327 3758 500 3848 quaesicre
522 3760 660 3831 diebus.
675 3765 911 3850 Clamoribns,
931 3773 1057 3856 minis,
1109 3793 1310 3848 &innuuntur

85 3869 368 3959 0011tcmptibus,
385 3873 557 3964 urgebant
577 3878 812 3961 famulitium,
832 3889 871 3952 ut
893 3883 1061 3977 indigna-
1167 3857 1248 3899 Μ·

86 3976 217 4048 tionem
233 3985 476 4055 accenderent.
489 3989 555 4058 Sed
568 4011 588 4057 a
602 3991 744 4061 dominc
754 3992 791 4062 in
801 3996 915 4066 officio
926 4001 1060 4090 patien-

86 4086 142 4158 tiae
165 4092 453 4179 continerentur,
478 4100 622 4184 moniti,
644 4103 772 4175 fortem
796 4106 890 4179 inter
913 4112 1060 4182 adversa

972 4227 987 4278 6
