3259 5484
609 717 627 744 μ

516 717 719 785 -lol-

310 1045 528 1111 canoniam
552 1044 727 1111 ocmvlo
751 1042 929 1110 BANDINO

499 1276 648 1315 rnorncronl
660 1274 750 1315 nussim

309 1462 381 1506 lllllll
402 1463 546 1509 Josnrflus
566 1463 703 1508 tncnrnr.
726 1463 940 1511 pernoscunt.

173 1712 209 1772 lu
240 1730 338 1791 regno
365 1712 536 1775 christiano
561 1713 619 1774 suh
644 1732 715 1793 rege
740 1713 897 1775 catholico
925 1710 1114 1773 schismatici

133 1823 261 1876 tantum
282 1815 402 1876 lacinus
424 1826 603 1897 perpetrare
625 1817 690 1877 ausi
712 1824 805 1889 sunt,
827 1825 861 1877 ut
883 1814 1018 1877 Vitehsci
1040 1833 1115 1895 pas-

133 1926 236 1978 torem
253 1920 638 2001 suum,archiepiscopum
647 1919 859 1992 Polocensem,
872 1919 1023 2000 Josaphat
1033 1919 1113 1979 Kun·

133 2022 292 2083 cericium
316 2022 551 2096 trucidaverint,
566 2023 714 2083 instinctu
730 2024 841 2104 procul
865 2022 963 2085 dubio
978 2021 1115 2104 pseudo-

134 2125 380 2205 episcoporum,
410 2126 466 2205 qui
495 2126 612 2188 llioriae
639 2125 699 2187 sub
727 2126 904 2208 patrocinio
924 2126 1116 2188 Cosacorum

134 2228 271 2309 impune
286 2226 482 2300 delitescunt,
498 2237 528 2290 et
542 2246 615 2291 suos
625 2248 681 2310 per
694 2230 876 2291 universum
892 2248 1024 2308 regnum
1039 2229 1117 2289 hinc

135 2328 210 2390 inde
226 2329 368 2403 mittunt,
382 2339 416 2390 ut
431 2330 573 2392 homines
588 2348 653 2392 non
669 2338 792 2392 tantum
808 2339 982 2392 avertente
1004 2330 1115 2403 nobie,

134 2432 188 2495 sed
205 2432 304 2493 etiam
318 2432 475 2494 concitent
489 2443 597 2495 contra
611 2452 678 2495 nos.
695 2434 751 2495 Die
764 2439 801 2495 la
817 2432 1014 2507 novembris,
1033 2450 1117 2495 anno

134 2538 283 2620 proxime
297 2538 404 2618 elapso
417 2586 426 2612 ,
442 2538 575 2618 quierat
588 2537 655 2599 dies
668 2536 847 2599 dominicus
860 2585 867 2609 ‚
880 2537 948 2622 ipso
960 2535 1114 2608 diluculo

134 2638 270 2721 quando
298 2638 402 2701 bonus
431 2640 560 2701 antistes
586 2658 625 2701 ex
649 2639 803 2713 ecclesia,
831 2647 902 2721 post
936 2638 1118 2700 absolutum

135 2736 354 2809 matutinum,
371 2735 502 2798 domum
517 2756 549 2798 se
561 2744 734 2818 receperat,
750 2744 784 2797 ut
796 2735 836 2798 ad
849 2753 973 2798 sacrum
986 2732 1117 2816 pontifi-

135 2841 249 2903 caliter
264 2839 319 2900 illo
333 2837 384 2901 die
396 2839 621 2901 celebrandum
632 2859 697 2902 sese
711 2840 906 2922 disponeret,
930 2838 1019 2921 plebs
1038 2837 1118 2899 ciri-

136 2944 210 3005 tatis
224 2941 312 3003 illius
327 2941 511 3021 magistratu
526 2942 732 3016 connivente,
749 2942 839 3021 signo
859 2961 915 3024 per
929 2959 1118 3022 campanam

135 3043 280 3126 praetorii
312 3051 343 3103 et
369 3043 514 3104 omnium
541 3043 745 3105 ecclesiarum
771 3043 870 3117 dato,
897 3050 1119 3124 expugnarunt

136 3143 284 3207 scelerati
299 3144 444 3204 homines
460 3143 593 3205 domurn
616 3137 934 3226 archiepiscopalem,
961 3152 991 3203 et
1015 3142 1119 3205 virum

136 3246 376 3308 sanctissimum
400 3244 488 3307 omni
514 3246 713 3308 veneratione
739 3246 872 3325 dIgnum
898 3245 1117 3318 trucidarunt,

136 3368 175 3409 ae
191 3356 300 3430 postea
321 3348 351 3408 in
377 3366 502 3409 sacrum
527 3365 642 3428 corpus
660 3348 726 3428 jam
751 3348 895 3409 exanime
920 3346 997 3408 diris
1018 3346 1120 3408 modis

136 3446 328 3520 saevierunt,
342 3444 510 3525 dequibus
524 3445 673 3506 omnibus
687 3445 720 3505 in
742 3443 924 3533 particulari
949 3443 1052 3505 visum
1075 3451 1121 3503 est

136 3548 247 3629 potius
275 3546 306 3607 in
335 3548 397 3609 alia
425 3547 555 3619 charta,
585 3565 682 3627 quam
705 3548 736 3607 in
761 3547 811 3608 his
836 3545 947 3607 litteris
973 3544 1118 3606 scribere.

136 3653 290 3715 Omnium
320 3660 499 3712 nostrorum
528 3650 695 3712 Unitorum
722 3650 857 3732 copiosae
883 3650 916 3711 in
947 3650 1007 3711 hac
1041 3650 1120 3711 tanti

137 3756 290 3817 antistitis
303 3754 465 3835 inopinata
480 3762 580 3815 morte
592 3753 697 3816 effusae
712 3762 786 3815 sunt
800 3754 961 3834 lacrymae,
985 3753 1122 3815 maxime

136 3875 216 3918 rero
227 3855 446 3929 Vilnensium,
464 3854 548 3936 apud
563 3873 643 3935 quos
657 3863 723 3917 toto
739 3854 800 3915 fere
815 3856 886 3917 ritae
898 3874 961 3916 suae
980 3863 1122 3937 tempore

137 3961 242 4034 vixit,
259 3959 337 4019 rixit
351 3966 456 4019 autem
470 3957 683 4032 sanctissime,
708 3964 739 4017 et
760 3954 982 4038 promovendae
1005 3956 1120 4018 Unioni

119 4108 125 4115 ,
140 4062 236 4124 uince
250 4068 318 4120 erat
331 4058 543 4132 necessarius,
559 4056 732 4120 indefessus
746 4057 876 4139 quidem
890 4058 922 4118 in
935 4056 1118 4131 laboribuS,

139 4162 374 4245 imperterritus
393 4162 424 4223 in
447 4162 616 4244 perieulis,
641 4160 775 4223 iaciebat
797 4169 843 4223 tot
863 4169 894 4221 et
917 4169 1023 4235 tanta,
1050 4179 1121 4241 quae
