3259 5484
488 702 598 774 ..97
621 742 666 757 .-

95 866 245 935 effudere
275 866 450 956 planetus.
478 870 521 935 Et
544 866 618 957 jam
648 873 732 936 tunc
759 887 915 958 praesaga
944 874 1062 936 mente

94 978 181 1044 mala
214 999 280 1046 sua
314 977 576 1067 concipiebant,
600 984 636 1046 et
664 978 832 1047 dolebant
862 978 999 1071 parenti
1028 984 1063 1047 et

94 1089 222 1179 pastori
248 1095 322 1157 tam
341 1089 464 1157 laedam
486 1111 608 1159 necem
625 1143 633 1168 ,
652 1090 772 1160 sibiet
793 1091 874 1159 urbi
892 1100 962 1159 tam
980 1100 1064 1159 tur-

93 1222 170 1291 pem
210 1200 391 1268 infamiam
430 1200 567 1270 tulisse.
605 1202 656 1270 hd
693 1202 892 1293 expositum
935 1223 1064 1293 corpus

93 1310 126 1378 in
141 1311 289 1380 ecclesia
306 1313 433 1381 allatus
446 1315 643 1383 Dorotheus
667 1314 943 1393 archidiaconus,
970 1335 1065 1405 quo-
1117 1328 1198 1384 ssorru·
1213 1332 1307 1371 amau.

93 1443 244 1514 cumque
254 1423 489 1504 valuitmodo,
504 1431 542 1492 ut
553 1446 648 1516 aeger
660 1426 775 1493 adhuc
787 1427 830 1495 de
844 1424 1061 1505 vulneribus,

94 1534 283 1623 praesulem
298 1556 397 1603 sacro
411 1535 702 1629 archiepiscopali
717 1536 857 1605 ornavit
876 1542 1061 1627 apparatu.

93 1648 220 1714 Novem
248 1645 376 1714 diebus
391 1646 426 1713 in
443 1647 518 1715 loco
534 1647 595 1716 illo
610 1654 756 1716 ornatus
767 1646 897 1737 jacuit,
921 1647 1008 1715 nihil
1021 1647 1064 1715 de

94 1756 180 1822 rosis
200 1756 357 1847 liliisque
372 1757 447 1826 suis
465 1780 504 1826 ac
520 1758 641 1826 lormae
657 1757 839 1826 dimittens
859 1759 1004 1826 honore.

133 1869 176 1935 ht
196 1866 336 1935 Polocia
348 1866 550 1936 dolorosum
566 1867 713 1937 audiens
727 1867 880 1959 pastoris
905 1866 1062 1945 exitum,

93 1997 135 2044 ex
148 1999 246 2045 nnnc
266 1983 341 2045 tum
357 1999 376 2045 e
396 1978 490 2046 clero
508 1977 718 2057 nonnullos,
737 1985 810 2046 tum
825 2000 844 2046 e
858 1977 1062 2056 nobilitate,

93 2100 166 2159 lum
180 2113 199 2159 e
218 2090 429 2181 magistratu
449 2090 555 2174 civili,
568 2090 770 2161 Vitebscum
783 2112 848 2181 pro
862 2089 1066 2158 adducendo
1092 2110 1222 2165 rumam
1231 2108 1339 2183 unqu-

93 2202 269 2271 Polooiam
288 2201 417 2270 direxit
432 2223 591 2293 corpore.
614 2202 679 2284 Qui
695 2202 833 2270 duabus
855 2201 899 2269 ab
921 2200 1066 2269 interith
1114 2172 1317 2227 ⁶⁰⁰⁰'¹'⁰‘⁸¹⁰¹²¹¹¹'

94 2313 258 2404 praesulis
280 2312 504 2403 septimanis,
529 2335 571 2383 eo
597 2314 838 2404 appellenteS,
860 2312 960 2381 vultu
984 2311 1065 2379 caesi

93 2426 252 2517 angelico
276 2426 396 2493 satiari
417 2426 627 2517 nequivere,
650 2426 754 2495 corde
770 2448 834 2494 suo
850 2425 1008 2494 laetitiam
1024 2425 1067 2493 de

94 2537 213 2607 laurea
240 2538 407 2629 martyris
442 2544 634 2629 percepta,
673 2537 828 2606 vividum
862 2538 898 2604 in
933 2558 1066 2605 morem

94 2651 337 2721 contestantis.
360 2657 489 2722 Urnam
510 2652 635 2722 deinde
648 2659 883 2744 praeparatam
897 2652 964 2743 ipsi
979 2674 1068 2720 nun-

94 2764 132 2832 tii
162 2765 322 2855 pretioso
348 2786 463 2856 panno
490 2767 722 2844 decoravere,
753 2774 789 2833 et
818 2786 936 2832 sacras
957 2764 992 2831 in
1008 2762 1067 2830 illa

94 2877 241 2946 exuvias
263 2878 470 2968 deposuere.
493 2877 645 2948 Vulnera
660 2899 742 2947 vero
758 2877 923 2969 martyris
938 2877 1066 2944 iterum

94 2991 297 3083 iterumque
320 2992 488 3072 osculati,
518 3014 598 3061 cum
623 2994 862 3062 venerandum
887 2990 1068 3082 sanguinis

94 3102 264 3171 stillantis
278 3102 474 3171 balsamum
488 3103 637 3172 feliciter
647 3103 888 3181 detersisscnt,
905 3100 1068 3192 lacrymis

93 3217 180 3285 illnd
197 3216 292 3296 suiS,
318 3218 501 3287 ecclesiam
525 3217 687 3285 doloroso
699 3217 863 3307 planctu,
888 3215 930 3284 de
946 3218 1068 3304 erepto

94 3334 263 3418 pastore,
299 3329 549 3419 permiscuere.
580 3326 772 3396 Persolutis
799 3325 964 3395 omnibus
989 3346 1068 3415 quae

94 3437 199 3507 isthic
214 3438 456 3518 debebantur,
475 3438 579 3506 tertia
600 3438 656 3506 die
672 3437 804 3528 templo
825 3437 1001 3527 prolatum
1026 3436 1069 3503 ad

94 3550 264 3639 scapham
290 3570 418 3639 corpus
443 3548 478 3615 in
510 3548 655 3617 humine
683 3548 947 3616 consistentem.
982 3550 1068 3614 Ecce
1118 3591 1316 3647 Mummi,

93 3657 334 3727 Vitebsoensis
348 3659 552 3738 multitudo,
567 3660 635 3751 ipsi
651 3658 835 3749 parricidae
854 3657 943 3725 alius
960 3656 1067 3724 alium

93 3792 335 3859 praecurrere,
366 3777 401 3840 et
436 3772 627 3863 praeripere
656 3772 745 3840 alter
778 3770 880 3839 alteri
911 3791 1064 3848 urnam,

93 3882 304 3950 Polocenses
327 3882 520 3974 abigend0,
546 3905 630 3952 suos
648 3885 817 3951 humeros
838 3883 889 3951 illi
904 3882 1070 3952 subster-

93 3994 225 4062 nendo.
253 3994 351 4063 Felix
374 3996 505 4087 quivis
530 3998 719 4088 opinione,
738 3996 767 4064 si
791 3998 846 4065 vel
868 4019 945 4065 cam
959 3997 1068 4088 digito

94 4111 271 4199 tangeret.
288 4109 496 4178 Funeralem
512 4116 670 4190 cantum,
689 4109 939 4202 poenitentium
954 4110 1072 4203 gemi-

1000 4223 1018 4279 7
