3259 5484
960 696 1139 765 ..yn-

566 853 606 915 ut
630 847 782 917 schisma
807 849 1007 941 rejicerent,
1033 851 1198 923 unionem
1225 856 1526 946 amplecterentur.

564 960 823 1050 Nonnunquam
835 960 922 1061 alios
933 962 991 1054 pia
1003 962 1037 1031 vi
1050 964 1137 1033 adeo
1150 964 1275 1056 coegit,
1291 972 1330 1034 ut
1356 986 1425 1033 non
1439 965 1529 1057 prius

563 1092 584 1137 a
608 1092 646 1140 se
667 1070 857 1153 dimiserit,
884 1074 995 1145 donec
1017 1076 1071 1145 vel
1096 1098 1140 1146 ex
1164 1099 1257 1147 nunc
1280 1077 1357 1169 ipsi,
1381 1080 1434 1147 vel
1457 1086 1529 1171 post

563 1180 701 1272 aliquot
721 1182 797 1251 dies
822 1184 1011 1255 redeuntes
1032 1187 1301 1269 confiterentur,
1333 1189 1529 1280 abjurarent

565 1293 730 1374 schisma,
748 1294 871 1365 unioni
887 1316 1013 1365 manus
1028 1298 1164 1367 darent.
1181 1303 1248 1369 Pro
1262 1300 1430 1369 concione
1444 1324 1530 1393 qua-

565 1404 664 1481 dam.
702 1406 825 1475 multis
861 1408 1167 1489 auscultantibus,
1209 1410 1358 1481 deducta
1387 1413 1529 1504 Spiritus

564 1514 718 1584 divinia
744 1521 846 1587 Patre
871 1525 907 1587 et
932 1519 1020 1588 Filio
1044 1519 1266 1611 procedentis
1293 1521 1440 1612 origine,
1466 1522 1529 1591 divi

566 1628 658 1698 Petri
672 1651 989 1723 successorumque
1003 1632 1080 1722 ejus
1092 1632 1291 1701 universam
1308 1655 1417 1725 super
1429 1635 1531 1703 Eccle

566 1741 653 1808 siam
670 1742 829 1833 principe
844 1742 1026 1835 regimine,
1046 1750 1141 1813 totus
1163 1744 1199 1813 in
1215 1745 1387 1837 lacrymas
1403 1747 1530 1816 solutus

307 1864 528 1920 fleotomum.
566 1850 655 1920 mori
671 1874 709 1921 se
726 1875 791 1945 pro
809 1874 851 1921 ea
867 1854 935 1923 lide
957 1876 1000 1923 ex
1024 1876 1117 1924 nunc
1135 1861 1297 1947 paratum
1322 1864 1531 1927 contestatus

565 1969 632 2031 est.
650 1963 828 2033 Cadebant
850 1964 987 2035 occulte
1005 1965 1040 2033 in
1060 1966 1167 2035 duras
1184 1976 1305 2035 cautes
1325 1969 1401 2037 haec
1421 1974 1530 2037 sancta

566 2076 754 2156 stillicidia,
766 2077 908 2147 etmulti
918 2076 1098 2169 liquefacti
1110 2078 1229 2147 unioni
1239 2078 1411 2149 sincerius
1427 2079 1531 2147 adbae·

566 2191 703 2260 rebant.
731 2190 879 2260 Privatis
905 2190 1090 2282 colloquiis
1109 2190 1271 2261 duriores
1290 2190 1417 2261 blande
1440 2212 1531 2260 oom-

566 2300 704 2393 pellans
730 2300 985 2381 schismaticos
1016 2300 1174 2371 occidere
1202 2300 1319 2392 ipsum
1342 2302 1434 2371 velle
1454 2323 1527 2377 eos,

565 2413 770 2483 aiebat:sed
785 2413 927 2493 seirent,
945 2434 1027 2483 eum
1042 2412 1195 2483 libenter
1209 2414 1361 2483 animam
1376 2436 1441 2505 pro
1454 2412 1532 2483 veri-

567 2528 639 2592 tate
667 2522 849 2592 catholicae
881 2544 1036 2593 romanae
1071 2523 1152 2592 fidei
1190 2524 1396 2593 effusurum.
1434 2523 1531 2593 ltlira-

509 2653 515 2662 ’
567 2632 647 2701 culo
661 2640 757 2702 certe
770 2633 838 2703 fuit
853 2632 1037 2713 universis,
1056 2634 1137 2726 plus
1152 2655 1233 2703 eum
1250 2640 1412 2714 mortem,
1435 2653 1530 2725 quam

461 2747 467 2758 '
567 2743 677 2812 vitam
704 2743 792 2813 alios
813 2744 1016 2836 expetiisse.
1039 2749 1078 2814 ln
1105 2747 1351 2826 consessibus,
1376 2747 1421 2816 ad
1447 2767 1532 2816 meu-

568 2876 655 2935 sam,
684 2856 780 2924 domi
803 2856 981 2949 forisque,
1012 2878 1107 2927 mors
1133 2858 1169 2925 in
1197 2880 1257 2927 ore
1286 2859 1383 2950 ejus:
1408 2858 1532 2927 utinam

567 2970 734 3040 nimirum
749 2993 813 3063 pro
824 2971 974 3052 Christo,
992 2993 1056 3063 pro
1069 2976 1152 3051 Deo,
1170 2994 1234 3064 pro
1246 2976 1366 3047 sancta
1379 2971 1459 3051 fide,
1478 2991 1531 3063 pro

568 3087 710 3169 unione,
736 3110 800 3180 pro
821 3087 987 3179 pontifice
1016 3109 1177 3169 romano,
1200 3088 1308 3157 vitam
1328 3088 1533 3181 profundere

568 3207 700 3294 posset.
726 3200 920 3270 Videbatur
939 3220 1082 3290 quoque
1098 3198 1190 3268 inter
1213 3198 1401 3268 dicendum
1418 3197 1533 3267 dulce-

567 3311 684 3381 dinem
701 3311 890 3401 quamdam
909 3309 1072 3399 lacrymis
1089 3315 1253 3379 testatam
1269 3310 1530 3401 persentiscere.

567 3424 650 3492 lude
667 3423 726 3491 alii
746 3445 888 3516 quoque
910 3423 986 3493 sine
1004 3422 1167 3514 lacrymis
1187 3444 1285 3501 eum,
1310 3444 1376 3491 nec
1397 3420 1529 3491 intueri.

568 3560 635 3606 nec
649 3536 771 3605 audire
788 3541 995 3628 potuerunt.
1016 3539 1086 3604 Hac
1104 3534 1182 3625 ejus
1197 3533 1338 3603 amabili
1362 3534 1530 3611 comitate,

568 3657 605 3719 et
617 3648 754 3717 ardenti
776 3648 859 3717 vitae
880 3670 945 3739 pro
960 3648 1108 3718 veritate
1132 3646 1304 3715 catholica
1323 3652 1530 3737 contemptu,

568 3762 671 3830 multi
685 3760 833 3830 Polooiae
854 3762 897 3829 ad
913 3760 1079 3829 unionem
1096 3768 1250 3829 sanctam
1279 3782 1319 3827 ac
1331 3758 1532 3851 obsequium

568 3881 700 3943 sanctae
726 3873 929 3965 apostolicae
966 3873 1060 3943 sedis
1092 3871 1254 3951 reducti,
1285 3872 1533 3941 constantiores

566 3986 792 4079 postmodum
812 4006 850 4053 se
866 3984 953 4077 ipsis
968 3985 1079 4060 fuere.

293 4100 538 4217 bffi‘fflll*
611 4106 736 4177 Ovium
758 4105 878 4197 itaque
905 4104 1076 4197 obsequio
1100 4102 1317 4197 palatinique
1343 4096 1532 4171 Polocensis

464 4175 511 4218 με.
