3259 5484
999 690 1181 764 ..48-

199 921 203 928 .
333 885 520 960 reaeq-
535 899 578 932 ι.
647 851 717 926 Ne'c
732 879 818 928 vero
828 857 920 928 alius
937 859 1162 931 indevotione
1175 883 1196 930 a
1210 859 1375 953 religioso
1393 861 1471 931 luit.
1486 865 1562 932 Cum

333 949 577 996 *ΨΜ*
603 975 740 1039 secreto
752 971 797 1040 de
809 979 913 1042 nocte
926 993 1144 1066 consurgens
1155 973 1339 1054 oravisset,
1351 995 1563 1044 oeconomum

604 1079 830 1172 religiosum,
865 1105 887 1150 a
918 1105 1043 1152 somno
1074 1091 1262 1165 excutere,
1295 1085 1413 1154 claves
1439 1085 1565 1154 abillo

603 1215 762 1274 sumere,
779 1203 901 1286 portas
913 1196 1041 1265 domus
1050 1203 1088 1266 et
1102 1196 1227 1289 templi
1241 1217 1411 1277 reserare,
1426 1218 1566 1289 campa-

604 1321 668 1370 nas
682 1301 847 1393 pulsare,
862 1301 940 1393 ipse
956 1302 1099 1371 demum
1116 1302 1252 1394 primus
1263 1301 1300 1370 in
1311 1302 1421 1372 choro
1434 1301 1567 1370 consis-

603 1418 679 1482 tere
690 1465 701 1492 ,
714 1419 750 1482 et
765 1413 815 1482 ita
830 1413 1025 1504 composita
1042 1413 1080 1480 in
1094 1412 1261 1482 omnibus
1279 1434 1438 1506 praesens
1450 1412 1566 1481 officiis

603 1523 754 1615 psallere
773 1531 1005 1596 consueverat
1022 1546 1129 1604 voce,
1149 1532 1190 1595 ut
1208 1545 1332 1594 omnes
1348 1525 1394 1594 ad
1412 1524 1565 1592 intimam

601 1634 824 1706 devotionem
838 1646 1056 1729 provocaret.
1076 1637 1288 1719 Quinetiam
1305 1637 1392 1706 dnm
1405 1638 1567 1728 iterage-

602 1755 677 1828 ret,
694 1749 846 1818 officium
861 1770 1020 1828 sacrum,
1036 1771 1117 1819 cum
1128 1757 1235 1820 cantu
1249 1757 1288 1820 et
1298 1749 1414 1819 solitis
1423 1749 1568 1840 magnis

601 1880 670 1950 que
689 1862 780 1930 ritus
799 1861 904 1953 graeci
919 1862 957 1930 in
975 1860 1123 1932 ecclesia
1142 1860 1376 1941 lectionibus,
1394 1862 1566 1951 integrum

600 1973 748 2042 Domino
770 1973 1008 2066 persolvebat.
1027 1978 1251 2066 Quapropter
1270 1974 1316 2041 ad
1340 1973 1506 2043 ecclesias
1533 1971 1566 2038 in

599 2085 654 2154 via
673 2086 860 2164 ruthenus,
881 2094 1074 2156 nocturnas
1086 2086 1303 2178 diurnasque
1318 2085 1465 2154 stativas
1482 2106 1568 2176 age-

600 2195 682 2278 bat,
705 2204 744 2267 ut
757 2197 794 2266 in
812 2197 884 2267 illis
895 2198 1115 2268 commodius
1127 2198 1257 2267 divinis
1270 2198 1437 2289 precibus
1448 2197 1568 2267 inten-

598 2308 710 2377 deret.
733 2311 771 2376 ln
790 2307 922 2400 quibus
939 2316 1037 2378 tutus
1056 2308 1225 2379 manebat
1243 2308 1444 2400 absorptus,
1467 2307 1566 2400 quasi

598 2434 678 2482 cum
694 2417 766 2483 Deo
778 2436 936 2506 praesens
948 2421 1124 2507 praesente
1138 2415 1357 2507 loqueretur.
1371 2415 1496 2485 blentis
1505 2437 1567 2506 per

598 2525 863 2595 meditationem
884 2547 926 2594 ac
948 2525 1283 2618 contemplationem
1301 2525 1509 2596 ascensibus
1531 2531 1568 2593 ut

596 2637 710 2718 domi,
729 2637 780 2706 sic
794 2637 880 2707 loris
893 2639 1109 2731 praecipuam
1120 2636 1228 2708 dabat
1247 2659 1405 2730 operam.
1421 2641 1464 2706 nt
1481 2636 1568 2705 foris

596 2749 740 2842 quidem
758 2749 942 2820 abstrusos
961 2749 1148 2843 quaerebat
1164 2750 1324 2842 angulos,
1349 2749 1446 2820 domi
1464 2751 1568 2818 horto

595 2881 673 2930 sese
688 2859 903 2930 includebat.
923 2865 975 2930 lix
989 2861 1121 2954 quibus
1134 2861 1236 2954 quasi
1250 2861 1295 2932 dc
1307 2882 1430 2930 somno
1448 2882 1569 2952 quan-

594 2971 711 3062 doque
739 2971 930 3063 evigilans,
967 2972 1128 3042 intonare
1160 2972 1292 3064 saepius
1322 2971 1566 3042 audiebatur:

593 3081 730 3150 Domine
748 3082 857 3166 nun,
876 3083 922 3150 du
938 3082 1158 3151 enumerem
1176 3083 1215 3150 iu
1231 3083 1296 3170 fide
1310 3091 1423 3151 sanctu
1442 3103 1569 3150 mucor-

593 3193 702 3276 dium,
724 3194 768 3261 du
796 3196 968 3274 nemnem,
990 3195 1036 3262 du
1059 3195 1283 3264 hereticomm
1311 3203 1341 3263 et
1360 3215 1570 3286 papauerum

321 3328 445 3385 mean
458 3329 568 3374 me
594 3303 839 3372 muuerubncm.
864 3305 917 3372 lld
939 3325 1039 3374 sacra
1065 3304 1180 3373 solitis
1206 3303 1365 3396 corporis
1391 3303 1569 3394 affligendi

424 3391 468 3436 Μ’
594 3419 730 3496 artibus
744 3425 987 3511 praeparatus,
1003 3419 1191 3498 accedens,
1207 3418 1280 3487 alto
1293 3417 1331 3484 in
1345 3417 1417 3486 illis
1436 3417 1570 3484 mentis

594 3531 760 3600 abscessu
790 3530 1060 3624 corripiebatur.
1078 3534 1149 3601 Nec
1168 3552 1249 3598 raro
1269 3530 1339 3623 piis
1362 3528 1571 3598 bominibus

592 3642 636 3712 dc
650 3642 740 3712 coelo
759 3644 902 3722 datum,
919 3649 961 3712 ut
973 3642 1117 3734 angelos
1134 3642 1203 3734 ipsi
1222 3643 1267 3712 ad
1280 3641 1399 3710 divina
1413 3640 1572 3710 servien-

592 3766 646 3824 tes
659 3754 895 3824 intuerentur.
912 3759 1007 3837 Quos
1019 3755 1081 3824 ille
1094 3776 1218 3824 omnes
1239 3754 1401 3848 quidem,
1417 3754 1573 3845 potissi-

590 3881 687 3928 mum
700 3866 817 3930 tamen
827 3861 991 3953 angelum
1004 3864 1199 3942 custodem,
1210 3862 1337 3932 devoto
1347 3861 1416 3930 sibi
1425 3883 1573 3955 semper

590 3973 813 4044 devinciebat
836 3975 947 4043 cultu.
973 3978 1012 4043 ln
1039 3995 1082 4044 eo
1103 3975 1250 4066 insuper
1264 3974 1395 4042 adrem
1411 3973 1573 4042 divinam

591 4093 776 4180 apparatu,
791 4086 1024 4179 perfrequens
1037 4086 1217 4156 insomnes
1237 4083 1400 4154 oratione
1409 4083 1575 4154 traduxit
