3259 5484
934 750 1136 821 -136-

547 911 609 979 tim
634 911 791 981 ccclesia
814 910 923 990 illati,
947 910 1191 1002 aegritudinem
1213 933 1310 979 suam
1335 913 1378 980 ad
1403 913 1513 1004 sepul-

545 1045 643 1091 crum
661 1023 826 1115 martyris
851 1024 1007 1115 impense
1031 1024 1331 1093 commendavere.
1362 1025 1408 1093 ‚td
1430 1026 1513 1092 hos-

546 1137 671 1229 pitium
701 1138 823 1213 relati,
856 1146 959 1205 noctu
987 1158 1110 1205 somno
1137 1137 1377 1216 excutiuntur,
1400 1138 1513 1205 sanis-

286 1275 373 1323 κροκι.
395 1278 503 1315 ..ntum
544 1249 652 1317 simos
667 1272 744 1318 sese
760 1249 959 1326 advertunt,
974 1246 1156 1317 ccclesiam
1175 1246 1315 1338 propria
1326 1246 1357 1313 vi
1373 1247 1510 1319 adeunt.

544 1362 802 1452 bominumque
818 1358 896 1429 coeli
913 1365 949 1429 ct
967 1364 1070 1426 terrae
1099 1356 1136 1425 in
1151 1356 1254 1425 beato
1269 1365 1422 1447 martyro
1440 1357 1513 1424 col-

545 1473 744 1550 laudantes,
763 1468 934 1561 singulari
950 1468 1069 1537 oblato
1082 1468 1117 1535 in
1133 1467 1270 1559 signum
1292 1467 1513 1559 gratitudinis

543 1586 778 1662 anathemate,
800 1582 1005 1651 abscedunt.

586 1694 641 1763 95.
665 1694 805 1763 Lublini
820 1694 912 1785 apud
927 1699 1115 1785 praetorem
1129 1691 1286 1771 Okulski,
1300 1691 1416 1760 virum
1428 1692 1513 1760 civi-

545 1802 1513 1895 tatispraecipuum,airnosupermillesimumsexcente—
1560 1846 1563 1853 ·

543 1915 669 1982 simum
687 1913 993 2005 quinquagesimo
1011 1912 1133 2004 aprilis
1152 1913 1279 1993 medio,
1297 1913 1428 1983 liliolus
1444 1914 1512 1981 lere

544 2026 736 2117 septennis.
762 2024 971 2117 gravissima
995 2025 1171 2093 distentus
1194 2026 1423 2117 aegritudine,
1443 2027 1511 2117 jam

271 2156 336 2208 ἣκει
356 2157 445 2228 nutrius,
463 2170 514 2200 νοω
543 2139 691 2231 frigidus
706 2147 742 2209 et
757 2138 946 2231 exsanguis
965 2139 1250 2230 extinguebatur.
1268 2141 1394 2209 Dolore
1410 2140 1512 2208 animi
1559 2200 1562 2205 .

284 2220 504 2274 m⁰⁰⁰⁰¹⁰¹⁰¹⁹m⁹¹⁰'
543 2254 683 2322 saueius
694 2275 834 2345 parem,
848 2251 1049 2345 proximum
1065 2253 1167 2321 velox
1184 2252 1257 2322 adit
1268 2252 1452 2343 templum,
1465 2275 1513 2320 sa·

542 2363 1512 2456 crumqnellcoliericuransmoribundumcommendat

543 2476 810 2568 puellum.Ecce
821 2476 858 2543 in
873 2474 949 2566 ipsa
964 2473 1125 2543 sacrificii
1144 2473 1400 2553 sublevatione,
1410 2474 1513 2543 scutit
1615 2564 1616 2573 ἵ

543 2588 635 2658 intra
660 2610 697 2659 se
721 2610 926 2680 expressam
949 2588 1149 2680 'cujuspiam
1174 2594 1228 2657 ter
1249 2589 1426 2679 loquentis
1450 2612 1512 2658 vo-

542 2723 616 2770 cem
631 2724 638 2771 ε
651 2707 757 2771 Beato
770 2701 916 2791 martyri
929 2702 1097 2793 Josaphat
1116 2722 1197 2771 eum
1213 2701 1348 2780 offerto,
1365 2709 1401 2770 et
1414 2700 1513 2771 inco-

542 2814 673 2883 lumem
690 2811 848 2881 habebis.
867 2811 1046 2881 Attonitus
1065 2811 1169 2881 haesit
1190 2810 1269 2888 ille,
1292 2810 1511 2902 potissimum

542 2925 637 3017 quod
671 2925 804 2993 nullam
845 2924 1009 3015 martyris
1043 2924 1189 2993 liaberet
1229 2923 1402 2992 notitiam.
1443 2930 1511 2994 Re-

543 3036 664 3105 deunti
680 3037 723 3105 ad
742 3036 836 3104 aedes
853 3058 934 3103 suas
949 3034 1079 3125 conjux
1092 3034 1321 3126 reliquiarum
1336 3055 1510 3103 sacrarum
1614 3060 1615 3135 j

543 3151 737 3219 amuletum
757 3148 921 3241 porrigit,
940 3148 1033 3240 quod
1050 3147 1191 3217 asacris
1206 3148 1436 3217 Carmeliticis
1451 3149 1513 3217 vir·
1614 3136 1615 3162 ¹

542 3262 685 3354 ginibus
714 3263 881 3341 missum,
916 3260 950 3327 in
976 3260 1109 3328 morbis
1140 3260 1305 3329 sanandis
1326 3261 1511 3352 probatum

543 3375 752 3444 habebatur.
782 3378 830 3453 Is,
858 3396 937 3442 cum
965 3373 1086 3441 multae
1112 3372 1160 3440 iti
1181 3373 1328 3442 luissent
1355 3373 1509 3442 divorum
1613 3464 1614 3469 ἵ

543 3486 744 3579 particulae,
763 3486 858 3555 beati
872 3487 1040 3577 iosaphat
1065 3486 1179 3576 primo
1199 3484 1326 3553 intuitu
1351 3486 1508 3555 alluertit.
1613 3552 1614 3555 ,

543 3605 584 3667 Et
605 3601 720 3670 defixo
741 3599 775 3667 in
801 3601 929 3669 coelum
952 3599 1076 3668 obtutu
1094 3598 1280 3667 :laudetur
1300 3598 1462 3666 Donn'nus
1479 3600 1512 3664 iu

295 3728 486 3772 obruuntur.
540 3713 661 3781 sanctis
674 3712 755 3790 suis,
778 3711 845 3791 ait;
862 3718 937 3779 tum
952 3732 1034 3779 mox
1050 3733 1056 3777 :
1074 3711 1133 3778 titi·
1146 3763 1154 3789 ‚
1178 3711 1268 3788 diue,
1291 3731 1399 3777 meum
1420 3712 1511 3798 offero
1612 3720 1613 3729 ’

537 3833 696 3921 puellum
712 3832 857 3901 aedicto
869 3831 974 3901 citius
986 3830 1250 3923 integerrimum
1264 3830 1409 3922 recepit.
1425 3836 1511 3900 Luce
1612 3878 1613 3925 i

541 3942 703 4034 sequenti
732 3941 935 4034 religiosum
970 3941 1109 4010 unitum
1133 3950 1288 4033 patrem,
1325 3940 1510 4009 Adrianum
1612 3936 1613 3939 ’

539 4057 661 4132 Moror,
679 4053 793 4122 virum
814 4052 1059 4144 apostolicum,
1078 4075 1098 4120 a
1119 4051 1352 4121 schismaticis
1367 4073 1431 4143 pro
1447 4051 1510 4119 fide

538 4171 658 4233 sancta
669 4164 882 4233 monasterio
893 4162 1096 4233 Lublinensi
1115 4164 1269 4256 pulsum,
1286 4184 1367 4231 cum
1378 4161 1511 4255 religio·
