3259 5484
976 711 1153 780 ..12-

578 867 708 945 voluit,
737 868 832 960 quod
856 868 1033 938 neminem
1058 868 1140 939 vitre
1165 891 1240 939 sure
1261 869 1297 938 in
1312 868 1550 949 monasterio,

579 1001 649 1048 non
664 979 768 1048 modo
781 979 931 1060 ducem,
949 981 1009 1050 sed
1026 1002 1141 1073 neque
1156 981 1321 1051 comitem
1333 980 1494 1050 haberet.

623 1094 712 1158 Dnm
739 1089 788 1160 ita
819 1113 918 1159 suam
943 1097 1084 1161 exercet
1108 1093 1276 1184 Josaphal
1300 1091 1428 1172 vitam,
1454 1090 1553 1162 venit

578 1201 713 1271 Vilnam
728 1203 922 1270 monachus
934 1202 1120 1283 ruthenus,
1131 1202 1415 1294 Varsanuphius,
1432 1224 1552 1272 rerum

580 1313 895 1384 ecclesiasticarum
925 1314 1035 1406 probe
1060 1337 1191 1406 gnarus
1214 1322 1251 1384 et
1273 1314 1458 1391 slavonica
1489 1313 1553 1382 lin-

482 1521 485 1526 Ι
579 1450 656 1520 guae
677 1449 758 1496 cum
778 1427 902 1519 primis
917 1428 1053 1519 peritus
1068 1451 1076 1496 ε
1091 1429 1309 1497 caeterumin
1327 1426 1553 1520 dogmatibus
1622 1468 1623 1473 κ

580 1539 661 1608 fidei
677 1540 827 1632 simplex
842 1549 879 1610 et
899 1539 1045 1610 rationis
1061 1563 1124 1632 per
1141 1540 1326 1610 intervalla
1341 1540 1466 1632 impos.
1492 1539 1553 1608 llio
1622 1584 1623 1605 i

579 1652 736 1722 viroDei
758 1653 929 1734 adhaesit3
952 1659 1088 1723 etcum
1122 1652 1249 1722 divinis
1275 1653 1319 1722 de
1351 1651 1459 1721 rebus
1485 1651 1552 1743 ipsi
1622 1734 1623 1747 ἵ

579 1765 734 1834 suaviter
749 1771 946 1844 enarraret,
971 1765 1086 1836 redire
1111 1765 1154 1834 ad
1179 1771 1333 1834 mentem
1358 1763 1552 1856 audireque

579 1877 773 1947 ferventius
799 1877 936 1946 avebat.
958 1878 1090 1948 Idcirco
1109 1877 1297 1970 probitatis
1311 1879 1355 1948 de
1377 1878 1438 1947 illo
1459 1899 1552 1947 verae
1622 1866 1623 1951 ζ

579 2009 740 2079 maguam
780 1988 941 2081 concepit
973 1989 1197 2081 opinionem3
1236 1996 1335 2059 ratus
1369 2011 1450 2059 eum
1489 2011 1553 2081 pro

578 2098 737 2179 Christo,
762 2105 801 2168 ut
828 2099 904 2169 fieri
923 2103 1082 2190 poterat,
1110 2098 1310 2170 simulatam
1339 2099 1453 2169 insani
1485 2101 1554 2168 for·
1622 2104 1623 2169 J

579 2230 672 2277 mam
688 2209 858 2278 induisse.
878 2209 1026 2278 Proinde
1042 2208 1201 2278 aemulari
1223 2232 1366 2302 quoque
1390 2232 1491 2291 eum,
1518 2216 1555 2279 et
1622 2192 1623 2245 t

580 2319 746 2388 alioshac
759 2319 796 2387 in
815 2341 854 2389 re
871 2325 1034 2400 sanctoS,
1057 2341 1101 2389 ex
1123 2319 1274 2413 simplici
1299 2343 1363 2390 suo
1384 2321 1420 2389 in
1442 2325 1553 2390 Deum

580 2451 698 2500 amore
719 2430 937 2513 intenderat3
960 2431 1064 2500 nisia
1083 2432 1304 2525 gravioribus
1318 2433 1421 2512 viris,
1444 2434 1554 2503 oredi-
1622 2444 1623 2483 r

580 2543 692 2612 derim
704 2540 889 2612 Valentino
902 2543 1072 2625 Fabricio,
1085 2544 1251 2636 Gregorio
1265 2545 1480 2624 Gruzewski,
1496 2549 1554 2614 So·
1622 2540 1623 2561 ¹

580 2655 718 2726 cietatis
730 2660 812 2726 Jesu
833 2656 1010 2748 patribuS,
1029 2657 1246 2750 praepeditus
1262 2657 1400 2728 fuisset.
1417 2657 1553 2748 Quippe
1622 2670 1623 2711 ἓ

580 2767 624 2836 ab
640 2789 762 2837 eorum
779 2790 841 2838 ore
857 2774 953 2837 totus
971 2770 1126 2861 pendere
1142 2768 1218 2837 :his
1232 2766 1319 2860 ipsis
1339 2790 1457 2838 coram
1472 2768 1553 2838 vitae
1622 2788 1623 2843 ξ

581 2899 655 2948 suae
676 2877 854 2958 rationes,
881 2879 1068 2971 cordisque
1089 2886 1125 2948 et
1146 2878 1370 2948 conscientiae
1395 2878 1432 2946 in
1455 2900 1554 2947 sacro

581 2989 749 3060 tribunali
769 2995 904 3060 secreta
925 2990 1212 3082 frequentissime
1230 2991 1409 3062 denudare
1429 2992 1553 3061 solitus

582 3107 646 3171 est.
1622 3094 1623 3111 ¹

331 3229 393 3273 Zeus
402 3229 526 3273 ruinarum·
626 3219 676 3284 lta
690 3215 821 3284 sanctis
832 3215 1000 3307 operibus
1013 3239 1034 3285 a
1046 3215 1161 3285 turbis
1174 3216 1339 3285 humanis
1352 3217 1553 3286 abstractus

579 3326 766 3418 Josaphat‚
785 3348 822 3396 se
841 3326 956 3419 ipsum
976 3334 1191 3408 armaverat,
1211 3334 1250 3397 ut
1270 3328 1305 3396 in
1327 3351 1467 3399 arenam
1490 3354 1553 3422 pu·

581 3440 1027 3535 blicamfeliciusprosilire
1038 3448 1169 3534 posset.
1184 3447 1386 3513 Nootamen
1397 3467 1552 3537 unquam
1622 3458 1623 3481 ¹

582 3556 765 3649 superiora
786 3558 1100 3628 exercitamentaa
1122 3579 1159 3626 se
1182 3559 1397 3640 amandavit,
1423 3561 1552 3652 quippe
1622 3540 1623 3615 j

582 3669 644 3761 qui
670 3668 724 3737 sui
749 3691 888 3761 semper
902 3669 1032 3739 zelaret
1047 3669 1196 3738 salutem
1212 3692 1219 3751 ;
1238 3670 1300 3740 sed
1312 3669 1552 3762 proximorum
1622 3652 1623 3713 l

583 3782 685 3872 longe
701 3803 807 3872 quam
827 3781 895 3850 dici
910 3780 1065 3872 fingique
1080 3784 1217 3872 potest,
1236 3779 1473 3851 ardentiorem
1488 3781 1554 3849 ad-
1622 3776 1623 3869 q

577 3894 666 3987 jecit
679 3893 793 3964 zelum
812 3899 878 3962 :ut
897 3894 954 3963 vel
973 3914 1015 3962 eo
1031 3913 1152 3962 severa
1175 3891 1288 3983 pietas
1303 3898 1496 3972 cresceret,
1519 3897 1553 3962 et
1622 3940 1623 3977 ;

324 4017 540 4071 Josariuauconus.
582 4007 678 4076 zelus
700 4006 776 4099 ipse
799 4004 858 4099 pla
879 4004 1066 4075 severitate
1090 4002 1358 4074 flammesceret.
1383 4004 1554 4073 Diacouus
1622 3986 1623 4003 ¹
