<?xml version="1.0" encoding="UTF-8"?>
<!DOCTYPE html PUBLIC "-//W3C//DTD XHTML 1.0 Transitional//EN"
    "http://www.w3.org/TR/xhtml1/DTD/xhtml1-transitional.dtd">
<html xmlns="http://www.w3.org/1999/xhtml" xml:lang="en" lang="en">
 <head>
  <title>
</title>
<meta http-equiv="Content-Type" content="text/html;charset=utf-8" />
  <meta name='ocr-system' content='tesseract 3.04.00' />
  <meta name='ocr-capabilities' content='ocr_page ocr_carea ocr_par ocr_line ocrx_word'/>
</head>
<body>
  <div class='ocr_page' id='page_1' title='image "./cursusvitetcert00martgoog_0065.png"; bbox 0 0 3259 5484; ppageno 0'>
   <div class='ocr_carea' id='block_1_1' title="bbox 454 711 633 786">
    <p class='ocr_par' dir='ltr' id='par_1_1' title="bbox 454 711 633 786">
     <span class='ocr_line' id='line_1_1' title="bbox 454 711 633 786; baseline 0.017 -21"><span class='ocrx_word' id='word_1_1' title='bbox 454 711 633 786; x_wconf 69' lang='lat'>..41-</span> 
     </span>
    </p>
   </div>
   <div class='ocr_carea' id='block_1_2' title="bbox 48 869 1354 4220">
    <p class='ocr_par' dir='ltr' id='par_1_2' title="bbox 48 869 1354 4220">
     <span class='ocr_line' id='line_1_2' title="bbox 49 869 1032 962; baseline -0.002 -22"><span class='ocrx_word' id='word_1_2' title='bbox 49 869 260 950; x_wconf 83' lang='lat' dir='ltr'>fluxissent,</span> <span class='ocrx_word' id='word_1_3' title='bbox 282 869 538 961; x_wconf 80' lang='lat' dir='ltr'>lyszkievicius</span> <span class='ocrx_word' id='word_1_4' title='bbox 556 869 678 962; x_wconf 88' lang='lat' dir='ltr'>paucis</span> <span class='ocrx_word' id='word_1_5' title='bbox 690 869 762 939; x_wconf 92' lang='lat' dir='ltr'>ait:</span> <span class='ocrx_word' id='word_1_6' title='bbox 784 891 823 940; x_wconf 90' lang='lat' dir='ltr'>se</span> <span class='ocrx_word' id='word_1_7' title='bbox 841 870 885 940; x_wconf 92' lang='lat' dir='ltr'>de</span> <span class='ocrx_word' id='word_1_8' title='bbox 899 869 1032 939; x_wconf 84' lang='lat' dir='ltr'>volun-</span> 
     </span>
     <span class='ocr_line' id='line_1_3' title="bbox 50 981 1032 1077; baseline -0.003 -24"><span class='ocrx_word' id='word_1_9' title='bbox 50 991 121 1053; x_wconf 89' lang='lat' dir='ltr'>tate</span> <span class='ocrx_word' id='word_1_10' title='bbox 144 983 321 1077; x_wconf 89' lang='lat' dir='ltr'>principis</span> <span class='ocrx_word' id='word_1_11' title='bbox 340 983 529 1055; x_wconf 85' lang='lat' dir='ltr'>adduxisse</span> <span class='ocrx_word' id='word_1_12' title='bbox 550 983 707 1054; x_wconf 81' lang='lat' dir='ltr'>ecclesiae</span> <span class='ocrx_word' id='word_1_13' title='bbox 727 981 836 1052; x_wconf 80' lang='lat' dir='ltr'>unitae</span> <span class='ocrx_word' id='word_1_14' title='bbox 860 981 1032 1073; x_wconf 87' lang='lat' dir='ltr'>archiepi-</span> 
     </span>
     <span class='ocr_line' id='line_1_4' title="bbox 50 1092 1031 1188; baseline -0.004 -24"><span class='ocrx_word' id='word_1_15' title='bbox 50 1117 222 1188; x_wconf 81' lang='lat' dir='ltr'>scopum,</span> <span class='ocrx_word' id='word_1_16' title='bbox 250 1094 427 1164; x_wconf 90' lang='lat' dir='ltr'>nobilitati</span> <span class='ocrx_word' id='word_1_17' title='bbox 449 1099 718 1173; x_wconf 89' lang='lat' dir='ltr'>ornamentum,</span> <span class='ocrx_word' id='word_1_18' title='bbox 740 1093 873 1164; x_wconf 90' lang='lat' dir='ltr'>civitati</span> <span class='ocrx_word' id='word_1_19' title='bbox 900 1092 1031 1184; x_wconf 81' lang='lat' dir='ltr'>praesi-</span> 
     </span>
     <span class='ocr_line' id='line_1_5' title="bbox 48 1205 1030 1300; baseline -0.002 -25"><span class='ocrx_word' id='word_1_20' title='bbox 48 1207 166 1288; x_wconf 91' lang='lat' dir='ltr'>dium,</span> <span class='ocrx_word' id='word_1_21' title='bbox 199 1207 299 1300; x_wconf 82' lang='lat' dir='ltr'>gregi</span> <span class='ocrx_word' id='word_1_22' title='bbox 314 1213 522 1300; x_wconf 79' lang='lat' dir='ltr'><strong>pastorem:</strong></span> <span class='ocrx_word' id='word_1_23' title='bbox 549 1212 589 1276; x_wconf 91' lang='lat' dir='ltr'>ut</span> <span class='ocrx_word' id='word_1_24' title='bbox 611 1207 780 1277; x_wconf 84' lang='lat' dir='ltr'>diuinitus</span> <span class='ocrx_word' id='word_1_25' title='bbox 803 1207 952 1286; x_wconf 86' lang='lat' dir='ltr'>lectum,</span> <span class='ocrx_word' id='word_1_26' title='bbox 980 1205 1030 1274; x_wconf 92' lang='lat' dir='ltr'>ita</span> 
     </span>
     <span class='ocr_line' id='line_1_6' title="bbox 48 1316 1027 1412; baseline -0.003 -23"><span class='ocrx_word' id='word_1_27' title='bbox 48 1320 219 1390; x_wconf 89' lang='lat' dir='ltr'>omnibus</span> <span class='ocrx_word' id='word_1_28' title='bbox 253 1320 492 1412; x_wconf 85' lang='lat' dir='ltr'>profuturum.</span> <span class='ocrx_word' id='word_1_29' title='bbox 527 1319 672 1388; x_wconf 80' lang='lat' dir='ltr'>Nomine</span> <span class='ocrx_word' id='word_1_30' title='bbox 699 1339 780 1399; x_wconf 89' lang='lat' dir='ltr'>suo,</span> <span class='ocrx_word' id='word_1_31' title='bbox 812 1316 1027 1397; x_wconf 76' lang='lat' dir='ltr'>nobilitatis,</span> 
     </span>
     <span class='ocr_line' id='line_1_7' title="bbox 49 1428 1030 1524; baseline -0.006 -24"><span class='ocrx_word' id='word_1_32' title='bbox 49 1431 235 1524; x_wconf 89' lang='lat' dir='ltr'>totiusque</span> <span class='ocrx_word' id='word_1_33' title='bbox 254 1430 388 1500; x_wconf 82' lang='lat' dir='ltr'>Russiae</span> <span class='ocrx_word' id='word_1_34' title='bbox 410 1429 533 1499; x_wconf 90' lang='lat' dir='ltr'>retulit</span> <span class='ocrx_word' id='word_1_35' title='bbox 553 1428 685 1521; x_wconf 75' lang='lat' dir='ltr'>gratias</span> <span class='ocrx_word' id='word_1_36' title='bbox 703 1428 903 1498; x_wconf 88' lang='lat' dir='ltr'>Polocensis</span> <span class='ocrx_word' id='word_1_37' title='bbox 926 1428 1030 1520; x_wconf 82' lang='lat' dir='ltr'>pala-</span> 
     </span>
     <span class='ocr_line' id='line_1_8' title="bbox 48 1537 1026 1633; baseline -0.001 -26"><span class='ocrx_word' id='word_1_38' title='bbox 48 1540 145 1610; x_wconf 92' lang='lat' dir='ltr'>tinus</span> <span class='ocrx_word' id='word_1_39' title='bbox 186 1540 453 1633; x_wconf 83' lang='lat' dir='ltr'>Tyszkicuicio,</span> <span class='ocrx_word' id='word_1_40' title='bbox 491 1539 718 1632; x_wconf 85' lang='lat' dir='ltr'>debitamque</span> <span class='ocrx_word' id='word_1_41' title='bbox 759 1537 1026 1618; x_wconf 80' lang='lat' dir='ltr'>obedientiam,</span> 
     </span>
     <span class='ocr_line' id='line_1_9' title="bbox 48 1649 1029 1744; baseline 0 -26"><span class='ocrx_word' id='word_1_42' title='bbox 48 1652 332 1732; x_wconf 88' lang='lat' dir='ltr'>venerationem,</span> <span class='ocrx_word' id='word_1_43' title='bbox 351 1671 505 1720; x_wconf 90' lang='lat' dir='ltr'>amorem</span> <span class='ocrx_word' id='word_1_44' title='bbox 533 1650 664 1744; x_wconf 88' lang='lat' dir='ltr'>pastori</span> <span class='ocrx_word' id='word_1_45' title='bbox 687 1655 924 1729; x_wconf 85' lang='lat' dir='ltr'>contestatus,</span> <span class='ocrx_word' id='word_1_46' title='bbox 950 1649 1029 1741; x_wconf 87' lang='lat' dir='ltr'>ejus</span> 
     </span>
     <span class='ocr_line' id='line_1_10' title="bbox 48 1763 1030 1856; baseline -0.002 -25"><span class='ocrx_word' id='word_1_47' title='bbox 48 1785 125 1834; x_wconf 91' lang='lat' dir='ltr'>sese</span> <span class='ocrx_word' id='word_1_48' title='bbox 149 1764 336 1856; x_wconf 86' lang='lat' dir='ltr'>regimini,</span> <span class='ocrx_word' id='word_1_49' title='bbox 360 1785 471 1844; x_wconf 87' lang='lat' dir='ltr'>curae,</span> <span class='ocrx_word' id='word_1_50' title='bbox 496 1763 595 1843; x_wconf 89' lang='lat' dir='ltr'>fidei,</span> <span class='ocrx_word' id='word_1_51' title='bbox 625 1783 819 1854; x_wconf 87' lang='lat' dir='ltr'>omnesque</span> <span class='ocrx_word' id='word_1_52' title='bbox 854 1780 1030 1832; x_wconf 88' lang='lat' dir='ltr'>commen·</span> 
     </span>
     <span class='ocr_line' id='line_1_11' title="bbox 49 1879 1030 1973; baseline 0.001 -25"><span class='ocrx_word' id='word_1_53' title='bbox 49 1881 155 1951; x_wconf 93' lang='lat' dir='ltr'>davit.</span> <span class='ocrx_word' id='word_1_54' title='bbox 174 1886 265 1952; x_wconf 89' lang='lat' dir='ltr'>Tum</span> <span class='ocrx_word' id='word_1_55' title='bbox 278 1883 420 1952; x_wconf 90' lang='lat' dir='ltr'>demum</span> <span class='ocrx_word' id='word_1_56' title='bbox 436 1881 471 1949; x_wconf 96' lang='lat' dir='ltr'>in</span> <span class='ocrx_word' id='word_1_57' title='bbox 487 1880 672 1973; x_wconf 90' lang='lat' dir='ltr'>amplexus</span> <span class='ocrx_word' id='word_1_58' title='bbox 687 1879 838 1973; x_wconf 89' lang='lat' dir='ltr'>pastoris</span> <span class='ocrx_word' id='word_1_59' title='bbox 853 1901 975 1960; x_wconf 91' lang='lat' dir='ltr'>ruere,</span> <span class='ocrx_word' id='word_1_60' title='bbox 992 1886 1030 1950; x_wconf 89' lang='lat' dir='ltr'>et</span> 
     </span>
     <span class='ocr_line' id='line_1_12' title="bbox 49 1992 1029 2086; baseline 0 -25"><span class='ocrx_word' id='word_1_61' title='bbox 49 1993 122 2085; x_wconf 90' lang='lat' dir='ltr'>ipse</span> <span class='ocrx_word' id='word_1_62' title='bbox 152 1994 287 2063; x_wconf 89' lang='lat' dir='ltr'>blando</span> <span class='ocrx_word' id='word_1_63' title='bbox 310 1994 562 2086; x_wconf 89' lang='lat' dir='ltr'>moderatoque</span> <span class='ocrx_word' id='word_1_64' title='bbox 593 1993 746 2085; x_wconf 89' lang='lat' dir='ltr'>alloquio</span> <span class='ocrx_word' id='word_1_65' title='bbox 776 1992 952 2084; x_wconf 84' lang='lat' dir='ltr'>excipere.</span> <span class='ocrx_word' id='word_1_66' title='bbox 977 1993 1029 2061; x_wconf 74' lang='lat' dir='ltr'>nd</span> 
     </span>
     <span class='ocr_line' id='line_1_13' title="bbox 49 2103 1028 2196; baseline -0.001 -24"><span class='ocrx_word' id='word_1_67' title='bbox 49 2106 294 2196; x_wconf 81' lang='lat' dir='ltr'>spectaculum</span> <span class='ocrx_word' id='word_1_68' title='bbox 308 2105 410 2175; x_wconf 87' lang='lat' dir='ltr'>effusi</span> <span class='ocrx_word' id='word_1_69' title='bbox 425 2104 597 2185; x_wconf 85' lang='lat' dir='ltr'>homines,</span> <span class='ocrx_word' id='word_1_70' title='bbox 613 2110 737 2186; x_wconf 77' lang='lat' dir='ltr'>aetate,</span> <span class='ocrx_word' id='word_1_71' title='bbox 755 2126 860 2185; x_wconf 84' lang='lat' dir='ltr'>sexu,</span> <span class='ocrx_word' id='word_1_72' title='bbox 877 2103 1028 2174; x_wconf 86' lang='lat' dir='ltr'>vestium</span> 
     </span>
     <span class='ocr_line' id='line_1_14' title="bbox 50 2222 1024 2315; baseline 0 -26"><span class='ocrx_word' id='word_1_73' title='bbox 50 2223 240 2314; x_wconf 79' lang='lat' dir='ltr'>splendore</span> <span class='ocrx_word' id='word_1_74' title='bbox 265 2223 371 2304; x_wconf 87' lang='lat' dir='ltr'>varii,</span> <span class='ocrx_word' id='word_1_75' title='bbox 398 2223 460 2294; x_wconf 92' lang='lat' dir='ltr'>sed</span> <span class='ocrx_word' id='word_1_76' title='bbox 481 2222 593 2315; x_wconf 89' lang='lat' dir='ltr'>magis</span> <span class='ocrx_word' id='word_1_77' title='bbox 611 2222 813 2304; x_wconf 88' lang='lat' dir='ltr'>affectibus,</span> <span class='ocrx_word' id='word_1_78' title='bbox 840 2222 1024 2303; x_wconf 87' lang='lat' dir='ltr'>catholici,</span> 
     </span>
     <span class='ocr_line' id='line_1_15' title="bbox 49 2335 1027 2428; baseline 0.002 -26"><span class='ocrx_word' id='word_1_79' title='bbox 49 2335 284 2416; x_wconf 90' lang='lat' dir='ltr'>schismatici,</span> <span class='ocrx_word' id='word_1_80' title='bbox 305 2335 475 2406; x_wconf 87' lang='lat' dir='ltr'>baeretici.</span> <span class='ocrx_word' id='word_1_81' title='bbox 492 2339 578 2405; x_wconf 84' lang='lat' dir='ltr'>Cum</span> <span class='ocrx_word' id='word_1_82' title='bbox 592 2337 761 2428; x_wconf 79' lang='lat' dir='ltr'>iosaphat</span> <span class='ocrx_word' id='word_1_83' title='bbox 775 2343 856 2406; x_wconf 88' lang='lat' dir='ltr'>ante</span> <span class='ocrx_word' id='word_1_84' title='bbox 870 2342 1027 2406; x_wconf 89' lang='lat' dir='ltr'>erectum</span> 
     </span>
     <span class='ocr_line' id='line_1_16' title="bbox 50 2446 1028 2542; baseline 0.001 -27"><span class='ocrx_word' id='word_1_85' title='bbox 50 2456 195 2539; x_wconf 88' lang='lat' dir='ltr'>propter</span> <span class='ocrx_word' id='word_1_86' title='bbox 231 2453 388 2539; x_wconf 87' lang='lat' dir='ltr'>portam,</span> <span class='ocrx_word' id='word_1_87' title='bbox 426 2446 632 2542; x_wconf 84' lang='lat' dir='ltr'>perelegans</span> <span class='ocrx_word' id='word_1_88' title='bbox 670 2446 887 2516; x_wconf 86' lang='lat' dir='ltr'>ornamentis</span> <span class='ocrx_word' id='word_1_89' title='bbox 919 2447 1028 2516; x_wconf 90' lang='lat' dir='ltr'>sacris</span> 
     </span>
     <span class='ocr_line' id='line_1_17' title="bbox 51 2559 1028 2653; baseline 0.005 -28"><span class='ocrx_word' id='word_1_90' title='bbox 51 2559 177 2640; x_wconf 85' lang='lat' dir='ltr'>altare,</span> <span class='ocrx_word' id='word_1_91' title='bbox 203 2559 257 2628; x_wconf 92' lang='lat' dir='ltr'>uti</span> <span class='ocrx_word' id='word_1_92' title='bbox 282 2559 390 2630; x_wconf 89' lang='lat' dir='ltr'>moris</span> <span class='ocrx_word' id='word_1_93' title='bbox 411 2559 621 2653; x_wconf 86' lang='lat' dir='ltr'>ingredienti</span> <span class='ocrx_word' id='word_1_94' title='bbox 642 2560 735 2651; x_wconf 91' lang='lat' dir='ltr'>apud</span> <span class='ocrx_word' id='word_1_95' title='bbox 756 2563 937 2630; x_wconf 83' lang='lat' dir='ltr'>Rutbenos</span> <span class='ocrx_word' id='word_1_96' title='bbox 956 2561 1028 2653; x_wconf 88' lang='lat' dir='ltr'>epi-</span> 
     </span>
     <span class='ocr_line' id='line_1_18' title="bbox 50 2671 1027 2764; baseline 0.002 -26"><span class='ocrx_word' id='word_1_97' title='bbox 50 2692 170 2763; x_wconf 89' lang='lat' dir='ltr'>scopo,</span> <span class='ocrx_word' id='word_1_98' title='bbox 187 2676 262 2742; x_wconf 89' lang='lat' dir='ltr'>Deo</span> <span class='ocrx_word' id='word_1_99' title='bbox 275 2677 356 2741; x_wconf 81' lang='lat' dir='ltr'>vota</span> <span class='ocrx_word' id='word_1_100' title='bbox 368 2671 550 2752; x_wconf 79' lang='lat' dir='ltr'>tunderet,</span> <span class='ocrx_word' id='word_1_101' title='bbox 567 2693 734 2764; x_wconf 91' lang='lat' dir='ltr'>magnum</span> <span class='ocrx_word' id='word_1_102' title='bbox 751 2693 826 2745; x_wconf 83' lang='lat' dir='ltr'>suae</span> <span class='ocrx_word' id='word_1_103' title='bbox 840 2671 1027 2764; x_wconf 88' lang='lat' dir='ltr'>probitatis</span> 
     </span>
     <span class='ocr_line' id='line_1_19' title="bbox 50 2783 1027 2876; baseline 0.002 -26"><span class='ocrx_word' id='word_1_104' title='bbox 50 2784 237 2875; x_wconf 87' lang='lat' dir='ltr'>proposuit</span> <span class='ocrx_word' id='word_1_105' title='bbox 251 2783 443 2876; x_wconf 90' lang='lat' dir='ltr'>exemplar.</span> <span class='ocrx_word' id='word_1_106' title='bbox 461 2785 506 2854; x_wconf 93' lang='lat' dir='ltr'>Os</span> <span class='ocrx_word' id='word_1_107' title='bbox 520 2783 771 2876; x_wconf 91' lang='lat' dir='ltr'>compositum,</span> <span class='ocrx_word' id='word_1_108' title='bbox 789 2790 945 2854; x_wconf 89' lang='lat' dir='ltr'>mentem</span> <span class='ocrx_word' id='word_1_109' title='bbox 958 2784 1027 2853; x_wconf 91' lang='lat' dir='ltr'>ool-</span> 
     </span>
     <span class='ocr_line' id='line_1_20' title="bbox 51 2895 1023 2978; baseline 0 -16"><span class='ocrx_word' id='word_1_110' title='bbox 51 2895 197 2976; x_wconf 88' lang='lat' dir='ltr'>lectam,</span> <span class='ocrx_word' id='word_1_111' title='bbox 222 2896 418 2965; x_wconf 90' lang='lat' dir='ltr'>orationem</span> <span class='ocrx_word' id='word_1_112' title='bbox 433 2895 619 2976; x_wconf 79' lang='lat' dir='ltr'>fervidam,</span> <span class='ocrx_word' id='word_1_113' title='bbox 637 2896 809 2965; x_wconf 90' lang='lat' dir='ltr'>modestia</span> <span class='ocrx_word' id='word_1_114' title='bbox 824 2896 1023 2978; x_wconf 67' lang='lat' dir='ltr'>conditam</span> 
     </span>
     <span class='ocr_line' id='line_1_21' title="bbox 50 3012 1027 3103; baseline 0 -23"><span class='ocrx_word' id='word_1_115' title='bbox 50 3013 177 3103; x_wconf 91' lang='lat' dir='ltr'>quibus</span> <span class='ocrx_word' id='word_1_116' title='bbox 193 3013 354 3083; x_wconf 91' lang='lat' dir='ltr'>omnium</span> <span class='ocrx_word' id='word_1_117' title='bbox 367 3013 403 3081; x_wconf 94' lang='lat' dir='ltr'>in</span> <span class='ocrx_word' id='word_1_118' title='bbox 418 3035 455 3083; x_wconf 88' lang='lat' dir='ltr'>se</span> <span class='ocrx_word' id='word_1_119' title='bbox 471 3013 644 3082; x_wconf 87' lang='lat' dir='ltr'>convertit</span> <span class='ocrx_word' id='word_1_120' title='bbox 658 3014 795 3092; x_wconf 76' lang='lat' dir='ltr'>oculoS,</span> <span class='ocrx_word' id='word_1_121' title='bbox 812 3012 931 3103; x_wconf 92' lang='lat' dir='ltr'>rapuit</span> <span class='ocrx_word' id='word_1_122' title='bbox 945 3013 1027 3080; x_wconf 92' lang='lat' dir='ltr'>ani-</span> 
     </span>
     <span class='ocr_line' id='line_1_22' title="bbox 49 3124 1022 3218; baseline 0.004 -28"><span class='ocrx_word' id='word_1_123' title='bbox 49 3145 134 3194; x_wconf 85' lang='lat' dir='ltr'>mos.</span> <span class='ocrx_word' id='word_1_124' title='bbox 150 3130 347 3218; x_wconf 87' lang='lat' dir='ltr'>Magnaque</span> <span class='ocrx_word' id='word_1_125' title='bbox 358 3125 474 3194; x_wconf 91' lang='lat' dir='ltr'>omnia</span> <span class='ocrx_word' id='word_1_126' title='bbox 489 3125 556 3194; x_wconf 92' lang='lat' dir='ltr'>sibi</span> <span class='ocrx_word' id='word_1_127' title='bbox 572 3131 609 3194; x_wconf 88' lang='lat' dir='ltr'>et</span> <span class='ocrx_word' id='word_1_128' title='bbox 622 3125 780 3196; x_wconf 81' lang='lat' dir='ltr'>ecclosiae</span> <span class='ocrx_word' id='word_1_129' title='bbox 804 3124 1022 3218; x_wconf 90' lang='lat' dir='ltr'>pollicentes,</span> 
     </span>
     <span class='ocr_line' id='line_1_23' title="bbox 49 3235 1025 3328; baseline 0.005 -27"><span class='ocrx_word' id='word_1_130' title='bbox 49 3256 172 3306; x_wconf 90' lang='lat' dir='ltr'>manus</span> <span class='ocrx_word' id='word_1_131' title='bbox 206 3242 246 3306; x_wconf 89' lang='lat' dir='ltr'>et</span> <span class='ocrx_word' id='word_1_132' title='bbox 272 3237 392 3306; x_wconf 93' lang='lat' dir='ltr'>oculos</span> <span class='ocrx_word' id='word_1_133' title='bbox 429 3236 466 3304; x_wconf 95' lang='lat' dir='ltr'>in</span> <span class='ocrx_word' id='word_1_134' title='bbox 493 3236 622 3306; x_wconf 88' lang='lat' dir='ltr'>coelum</span> <span class='ocrx_word' id='word_1_135' title='bbox 657 3237 846 3317; x_wconf 88' lang='lat' dir='ltr'>ferebant,</span> <span class='ocrx_word' id='word_1_136' title='bbox 880 3235 1025 3328; x_wconf 90' lang='lat' dir='ltr'>regique</span> 
     </span>
     <span class='ocr_line' id='line_1_24' title="bbox 50 3345 1023 3440; baseline 0.002 -27"><span class='ocrx_word' id='word_1_137' title='bbox 50 3348 262 3417; x_wconf 82' lang='lat' dir='ltr'>saeculorum</span> <span class='ocrx_word' id='word_1_138' title='bbox 295 3347 441 3440; x_wconf 90' lang='lat' dir='ltr'>gloriam</span> <span class='ocrx_word' id='word_1_139' title='bbox 472 3347 515 3417; x_wconf 94' lang='lat' dir='ltr'>de</span> <span class='ocrx_word' id='word_1_140' title='bbox 543 3353 641 3416; x_wconf 92' lang='lat' dir='ltr'>tanto</span> <span class='ocrx_word' id='word_1_141' title='bbox 673 3353 814 3439; x_wconf 89' lang='lat' dir='ltr'>pastore</span> <span class='ocrx_word' id='word_1_142' title='bbox 847 3345 1023 3416; x_wconf 89' lang='lat' dir='ltr'>dicebant.</span> 
     </span>
     <span class='ocr_line' id='line_1_25' title="bbox 49 3457 1026 3550; baseline 0.001 -26"><span class='ocrx_word' id='word_1_143' title='bbox 49 3459 195 3528; x_wconf 89' lang='lat' dir='ltr'>lntranti</span> <span class='ocrx_word' id='word_1_144' title='bbox 211 3458 349 3538; x_wconf 92' lang='lat' dir='ltr'>urbem,</span> <span class='ocrx_word' id='word_1_145' title='bbox 365 3459 529 3550; x_wconf 91' lang='lat' dir='ltr'>plausum</span> <span class='ocrx_word' id='word_1_146' title='bbox 543 3458 643 3527; x_wconf 89' lang='lat' dir='ltr'>urbis</span> <span class='ocrx_word' id='word_1_147' title='bbox 655 3458 783 3528; x_wconf 87' lang='lat' dir='ltr'>iterum</span> <span class='ocrx_word' id='word_1_148' title='bbox 799 3458 926 3528; x_wconf 89' lang='lat' dir='ltr'>bellica</span> <span class='ocrx_word' id='word_1_149' title='bbox 937 3457 1026 3527; x_wconf 90' lang='lat' dir='ltr'>occi-</span> 
     </span>
     <span class='ocr_line' id='line_1_26' title="bbox 49 3563 1090 3661; baseline 0.002 -25"><span class='ocrx_word' id='word_1_150' title='bbox 49 3592 155 3642; x_wconf 91' lang='lat' dir='ltr'>nuere</span> <span class='ocrx_word' id='word_1_151' title='bbox 180 3576 379 3652; x_wconf 87' lang='lat' dir='ltr'>tormenta,</span> <span class='ocrx_word' id='word_1_152' title='bbox 406 3571 634 3641; x_wconf 89' lang='lat' dir='ltr'>ecclesiarum</span> <span class='ocrx_word' id='word_1_153' title='bbox 659 3592 807 3640; x_wconf 89' lang='lat' dir='ltr'>sonuere</span> <span class='ocrx_word' id='word_1_154' title='bbox 832 3591 1022 3661; x_wconf 86' lang='lat' dir='ltr'>campanae.</span> <span class='ocrx_word' id='word_1_155' title='bbox 1086 3563 1090 3571; x_wconf 83' lang='grc'><strong>’</strong></span> 
     </span>
     <span class='ocr_line' id='line_1_27' title="bbox 49 3679 1287 3774; baseline 0.001 -27"><span class='ocrx_word' id='word_1_156' title='bbox 49 3683 88 3749; x_wconf 86' lang='lat' dir='ltr'>Et</span> <span class='ocrx_word' id='word_1_157' title='bbox 106 3682 265 3774; x_wconf 92' lang='lat' dir='ltr'>primum</span> <span class='ocrx_word' id='word_1_158' title='bbox 280 3703 405 3773; x_wconf 88' lang='lat' dir='ltr'>agmen</span> <span class='ocrx_word' id='word_1_159' title='bbox 421 3680 654 3773; x_wconf 87' lang='lat' dir='ltr'>juventutise</span> <span class='ocrx_word' id='word_1_160' title='bbox 674 3680 821 3773; x_wconf 89' lang='lat' dir='ltr'>collegio</span> <span class='ocrx_word' id='word_1_161' title='bbox 843 3679 1025 3749; x_wconf 80' lang='lat' dir='ltr'>societatis</span> <span class='ocrx_word' id='word_1_162' title='bbox 1059 3694 1218 3740; x_wconf 64' lang='lat' dir='ltr'>maniam</span> <span class='ocrx_word' id='word_1_163' title='bbox 1226 3693 1287 3740; x_wconf 63' lang='lat' dir='ltr'>aa.</span> 
     </span>
     <span class='ocr_line' id='line_1_28' title="bbox 49 3793 1354 3884; baseline 0.001 -24"><span class='ocrx_word' id='word_1_164' title='bbox 49 3796 126 3862; x_wconf 85' lang='lat' dir='ltr'>lesu</span> <span class='ocrx_word' id='word_1_165' title='bbox 143 3795 332 3874; x_wconf 83' lang='lat' dir='ltr'>studiosae,</span> <span class='ocrx_word' id='word_1_166' title='bbox 349 3794 477 3863; x_wconf 89' lang='lat' dir='ltr'>nobilis</span> <span class='ocrx_word' id='word_1_167' title='bbox 492 3802 527 3863; x_wconf 88' lang='lat' dir='ltr'>ct</span> <span class='ocrx_word' id='word_1_168' title='bbox 547 3793 675 3873; x_wconf 88' lang='lat' dir='ltr'>civilis,</span> <span class='ocrx_word' id='word_1_169' title='bbox 693 3793 848 3861; x_wconf 86' lang='lat' dir='ltr'>maxima</span> <span class='ocrx_word' id='word_1_170' title='bbox 866 3813 909 3862; x_wconf 88' lang='lat' dir='ltr'>ex</span> <span class='ocrx_word' id='word_1_171' title='bbox 924 3798 1025 3884; x_wconf 92' lang='lat' dir='ltr'>parte</span> <span class='ocrx_word' id='word_1_172' title='bbox 1343 3801 1354 3835; x_wconf 71' lang='lat'><strong><em>⁹</em></strong></span> 
     </span>
     <span class='ocr_line' id='line_1_29' title="bbox 50 3904 1021 3996; baseline -0.001 -23"><span class='ocrx_word' id='word_1_173' title='bbox 50 3909 227 3988; x_wconf 81' lang='lat' dir='ltr'>ruthenae,</span> <span class='ocrx_word' id='word_1_174' title='bbox 247 3928 326 3975; x_wconf 91' lang='lat' dir='ltr'>cum</span> <span class='ocrx_word' id='word_1_175' title='bbox 347 3911 471 3985; x_wconf 85' lang='lat' dir='ltr'>cantu,</span> <span class='ocrx_word' id='word_1_176' title='bbox 493 3904 676 3984; x_wconf 77' lang='lat' dir='ltr'>crucibuS,</span> <span class='ocrx_word' id='word_1_177' title='bbox 694 3904 834 3974; x_wconf 87' lang='lat' dir='ltr'>vexillis</span> <span class='ocrx_word' id='word_1_178' title='bbox 852 3904 1021 3996; x_wconf 82' lang='lat' dir='ltr'>praeibat3</span> 
     </span>
     <span class='ocr_line' id='line_1_30' title="bbox 51 4014 1026 4108; baseline 0 -26"><span class='ocrx_word' id='word_1_179' title='bbox 51 4014 140 4084; x_wconf 91' lang='lat' dir='ltr'>cives</span> <span class='ocrx_word' id='word_1_180' title='bbox 155 4023 193 4086; x_wconf 89' lang='lat' dir='ltr'>et</span> <span class='ocrx_word' id='word_1_181' title='bbox 207 4015 434 4108; x_wconf 90' lang='lat' dir='ltr'>magistratus</span> <span class='ocrx_word' id='word_1_182' title='bbox 449 4015 561 4085; x_wconf 81' lang='lat' dir='ltr'>civilis</span> <span class='ocrx_word' id='word_1_183' title='bbox 582 4037 673 4107; x_wconf 92' lang='lat' dir='ltr'>pone</span> <span class='ocrx_word' id='word_1_184' title='bbox 694 4014 923 4106; x_wconf 89' lang='lat' dir='ltr'>sequebatur.</span> <span class='ocrx_word' id='word_1_185' title='bbox 946 4018 1026 4083; x_wconf 86' lang='lat' dir='ltr'>Ter·</span> 
     </span>
     <span class='ocr_line' id='line_1_31' title="bbox 54 4124 1025 4220; baseline 0.003 -29"><span class='ocrx_word' id='word_1_186' title='bbox 54 4124 138 4196; x_wconf 91' lang='lat' dir='ltr'>tium</span> <span class='ocrx_word' id='word_1_187' title='bbox 161 4149 289 4220; x_wconf 87' lang='lat' dir='ltr'>agmen</span> <span class='ocrx_word' id='word_1_188' title='bbox 319 4148 398 4197; x_wconf 91' lang='lat' dir='ltr'>cum</span> <span class='ocrx_word' id='word_1_189' title='bbox 431 4126 565 4196; x_wconf 91' lang='lat' dir='ltr'>musica</span> <span class='ocrx_word' id='word_1_190' title='bbox 589 4125 870 4218; x_wconf 85' lang='lat' dir='ltr'>Tyszkieviciana</span> <span class='ocrx_word' id='word_1_191' title='bbox 899 4131 936 4195; x_wconf 90' lang='lat' dir='ltr'>et</span> <span class='ocrx_word' id='word_1_192' title='bbox 969 4145 1025 4194; x_wconf 86' lang='lat' dir='ltr'>ar·</span> 
     </span>
    </p>
   </div>
   <div class='ocr_carea' id='block_1_3' title="bbox 0 0 1634 5484">
    <p class='ocr_par' dir='ltr' id='par_1_3' title="bbox 0 0 1634 5484">
     <span class='ocr_line' id='line_1_32' title="bbox 0 0 1634 5484; baseline 0 0"><span class='ocrx_word' id='word_1_193' title='bbox 0 0 1634 5484; x_wconf 95' lang='lat' dir='ltr'> </span> 
     </span>
    </p>
   </div>
  </div>
 </body>
</html>
