3259 5484
17 835 18 910 J
114 822 295 901 quamdam
316 824 413 886 vitam
435 834 575 888 nostram
601 843 676 887 cum
698 826 870 905 sanguine,
890 827 993 909 prouti
1005 827 1072 909 jam

17 919 18 932 ³
114 948 187 989 unus
198 948 231 989 er
245 929 338 991 nobis
350 928 511 1011 profudit,
524 948 584 1011 pro
597 928 660 992 fide
673 929 829 993 catholiea
840 928 972 992 sundere
984 948 1073 1013 para·

17 1023 18 1072 t
112 1031 231 1095 tissimos
256 1052 315 1095 nos
328 1030 500 1095 offerimus.
523 1033 585 1095 Vos
602 1040 743 1107 tanturn,
759 1032 865 1095 Patres
878 1032 1071 1095 Eminentis-

108 1135 190 1210 simi,
204 1156 257 1217 per
276 1138 397 1211 Deum,
410 1136 671 1218 eujushonorem
687 1134 906 1209 defendimus,
922 1134 1071 1197 obsecra·

17 1215 18 1294 f
108 1257 172 1299 mus
192 1261 197 1299 :
219 1247 312 1321 prout
342 1238 502 1321 eoepistis,
529 1238 670 1320 pergite,
695 1245 727 1300 et
754 1236 847 1299 nobis
881 1235 942 1297 sub
975 1252 1070 1298 onere

105 1342 309 1419 gementibus,
324 1341 351 1403 si
370 1360 435 1404 non
450 1340 703 1415 eollabentibus‚
719 1358 851 1403 manum
864 1338 973 1401 auxilii
991 1328 1070 1399 srib-

17 1487 18 1528 3
105 1444 214 1518 mittite,
225 1463 261 1506 ae
275 1445 431 1526 collapsas
441 1463 490 1506 res
500 1452 623 1506 nostras
633 1444 666 1505 in
678 1444 740 1505 hoe
752 1443 827 1515 ritu,
839 1442 895 1523 qui
905 1439 1069 1523 quondam

17 1583 18 1604 t
103 1545 191 1607 eheu!
206 1555 292 1608 tanta
314 1546 479 1609 sanctitate
500 1554 532 1607 et
550 1545 694 1608 doctrina
717 1542 929 1627 resplenduit,
947 1545 1065 1624 erigite.

17 1661 18 1670 ¹
102 1647 181 1719 Quod
202 1650 359 1730 reliquum
373 1657 436 1723 est,
451 1650 533 1711 Deus
549 1648 618 1730 Opt.
635 1649 715 1711 Max.
732 1655 896 1711 conservet
915 1647 1068 1709 Eminen-

17 1787 18 1830 3
102 1751 154 1812 tias
164 1753 282 1815 i'estras
297 1754 329 1815 in
345 1771 446 1815 annos
460 1753 634 1835 plurimos,
652 1770 711 1834 pro
737 1752 838 1830 gioria
862 1770 918 1814 sua
939 1760 1065 1825 saneta,

17 1919 18 1945 ζ
101 1854 327 1918 etinerernento
341 1857 671 1921 Eeclesiaeeatholieae.

132 2076 338 2156 Norogrodeei
351 2127 358 2151 ‚
372 2077 424 2139 die
438 2082 478 2141 30
489 2077 627 2159 januarii
645 2080 734 2139 teat.

309 2374 369 2434 EE.
385 2368 447 2435 VV.
468 2373 638 2435 humillimi
654 2373 838 2446 servitores,

93 2631 225 2701 laseratis
235 2656 363 2700 verrere
373 2636 1058 2719 anrsrrr,rrretr0p.Kiovien.,Haliciensisetc.

94 2757 247 2826 terramus
260 2781 484 2836 reseruemur,
501 2764 595 2845 episc.
612 2760 775 2825 Vladimir.
790 2769 822 2822 et
836 2760 1015 2823 Brestensis.

93 2879 271 2948 irrrirrasrrs
286 2903 432 2959 errasse,
449 2885 544 2967 epise.
563 2885 684 2947 Chelm.
702 2895 733 2946 et
746 2884 909 2945 Belzensis
1012 2904 1014 2907 ·

91 2997 225 3067 isernias
238 3023 449 3080 meriamur,
466 3007 560 3088 episc.
577 3006 759 3069 Lueeorien.
786 3014 817 3067 et
839 3004 1054 3085 Ostrogiensis.

92 3117 231 3186 irrosres
240 3142 381 3190 srarswr.
393 3126 487 3205 episc.
500 3126 604 3189 Poloe.
618 3127 753 3189 Vitebse.
768 3136 798 3187 et
810 3126 1054 3188 Mstisiavierrsis.

90 3237 248 3308 (ineramus
261 3264 479 3323 ricusiowrcz,
493 3249 588 3330 epise.
602 3249 768 3313 Turovien.
784 3258 813 3310 et
829 3247 1013 3309 Pinsrensis.
