<?xml version="1.0" encoding="UTF-8"?>
<!DOCTYPE html PUBLIC "-//W3C//DTD XHTML 1.0 Transitional//EN"
    "http://www.w3.org/TR/xhtml1/DTD/xhtml1-transitional.dtd">
<html xmlns="http://www.w3.org/1999/xhtml" xml:lang="en" lang="en">
 <head>
  <title>
</title>
<meta http-equiv="Content-Type" content="text/html;charset=utf-8" />
  <meta name='ocr-system' content='tesseract 3.04.00' />
  <meta name='ocr-capabilities' content='ocr_page ocr_carea ocr_par ocr_line ocrx_word'/>
</head>
<body>
  <div class='ocr_page' id='page_1' title='image "./cursusvitetcert00martgoog_0077.png"; bbox 0 0 3259 5484; ppageno 0'>
   <div class='ocr_carea' id='block_1_1' title="bbox 527 675 702 745">
    <p class='ocr_par' dir='ltr' id='par_1_1' title="bbox 527 675 702 745">
     <span class='ocr_line' id='line_1_1' title="bbox 527 675 702 745; baseline 0.006 -18"><span class='ocrx_word' id='word_1_1' title='bbox 527 675 702 745; x_wconf 72' lang='lat'><strong>„53-</strong></span> 
     </span>
    </p>
   </div>
   <div class='ocr_carea' id='block_1_2' title="bbox 120 832 1092 1133">
    <p class='ocr_par' dir='ltr' id='par_1_2' title="bbox 120 832 1092 1133">
     <span class='ocr_line' id='line_1_2' title="bbox 125 832 1089 924; baseline 0.003 -24"><span class='ocrx_word' id='word_1_2' title='bbox 125 854 191 924; x_wconf 89' lang='lat' dir='ltr'><strong>quo</strong></span> <span class='ocrx_word' id='word_1_3' title='bbox 209 832 423 914; x_wconf 82' lang='lat' dir='ltr'><strong>abstineret,</strong></span> <span class='ocrx_word' id='word_1_4' title='bbox 441 834 500 901; x_wconf 92' lang='lat' dir='ltr'><strong>ubi</strong></span> <span class='ocrx_word' id='word_1_5' title='bbox 514 833 651 903; x_wconf 94' lang='lat' dir='ltr'><strong>lucrum</strong></span> <span class='ocrx_word' id='word_1_6' title='bbox 667 835 864 903; x_wconf 89' lang='lat' dir='ltr'><strong>animarum</strong></span> <span class='ocrx_word' id='word_1_7' title='bbox 889 835 1089 907; x_wconf 86' lang='lat' dir='ltr'><strong>affulsisset.</strong></span> 
     </span>
     <span class='ocr_line' id='line_1_3' title="bbox 120 945 1092 1040; baseline 0.004 -27"><span class='ocrx_word' id='word_1_8' title='bbox 120 946 261 1014; x_wconf 92' lang='lat' dir='ltr'><strong>Nullum</strong></span> <span class='ocrx_word' id='word_1_9' title='bbox 289 966 372 1016; x_wconf 92' lang='lat' dir='ltr'><strong>vero</strong></span> <span class='ocrx_word' id='word_1_10' title='bbox 394 945 480 1014; x_wconf 90' lang='lat' dir='ltr'><strong>adiit</strong></span> <span class='ocrx_word' id='word_1_11' title='bbox 500 968 605 1038; x_wconf 91' lang='lat' dir='ltr'><strong>opus,</strong></span> <span class='ocrx_word' id='word_1_12' title='bbox 632 946 717 1038; x_wconf 83' lang='lat' dir='ltr'><strong>quin</strong></span> <span class='ocrx_word' id='word_1_13' title='bbox 740 946 840 1038; x_wconf 88' lang='lat' dir='ltr'><strong>prius</strong></span> <span class='ocrx_word' id='word_1_14' title='bbox 854 947 910 1016; x_wconf 90' lang='lat' dir='ltr'><strong>vel</strong></span> <span class='ocrx_word' id='word_1_15' title='bbox 930 947 1006 1040; x_wconf 90' lang='lat' dir='ltr'><strong>ipse</strong></span> <span class='ocrx_word' id='word_1_16' title='bbox 1021 951 1092 1017; x_wconf 84' lang='lat' dir='ltr'><strong>neo</strong></span> 
     </span>
     <span class='ocr_line' id='line_1_4' title="bbox 121 1057 945 1133; baseline 0.004 -9"><span class='ocrx_word' id='word_1_17' title='bbox 121 1078 259 1125; x_wconf 89' lang='lat' dir='ltr'><strong>sacrum</strong></span> <span class='ocrx_word' id='word_1_18' title='bbox 276 1057 483 1133; x_wconf 91' lang='lat' dir='ltr'><strong>obtulisset,</strong></span> <span class='ocrx_word' id='word_1_19' title='bbox 501 1058 554 1127; x_wconf 93' lang='lat' dir='ltr'><strong>vel</strong></span> <span class='ocrx_word' id='word_1_20' title='bbox 568 1057 725 1127; x_wconf 84' lang='lat' dir='ltr'><strong>oblatum</strong></span> <span class='ocrx_word' id='word_1_21' title='bbox 741 1057 945 1127; x_wconf 85' lang='lat' dir='ltr'><strong>audivisset.</strong></span> 
     </span>
    </p>
   </div>
   <div class='ocr_carea' id='block_1_3' title="bbox 111 1178 1364 3275">
    <p class='ocr_par' dir='ltr' id='par_1_3' title="bbox 113 1178 1364 2720">
     <span class='ocr_line' id='line_1_5' title="bbox 161 1178 1364 1270; baseline -0.002 -24"><span class='ocrx_word' id='word_1_22' title='bbox 161 1181 279 1270; x_wconf 78' lang='lat' dir='ltr'><strong>Atque</strong></span> <span class='ocrx_word' id='word_1_23' title='bbox 289 1184 328 1247; x_wconf 95' lang='lat' dir='ltr'><strong>ut</strong></span> <span class='ocrx_word' id='word_1_24' title='bbox 340 1179 385 1247; x_wconf 88' lang='lat' dir='ltr'><strong>ab</strong></span> <span class='ocrx_word' id='word_1_25' title='bbox 396 1178 551 1247; x_wconf 84' lang='lat' dir='ltr'><strong>externis</strong></span> <span class='ocrx_word' id='word_1_26' title='bbox 565 1178 755 1258; x_wconf 78' lang='lat' dir='ltr'><strong>ordiamur,</strong></span> <span class='ocrx_word' id='word_1_27' title='bbox 772 1179 974 1247; x_wconf 82' lang='lat' dir='ltr'><strong>cathedram</strong></span> <span class='ocrx_word' id='word_1_28' title='bbox 986 1178 1094 1247; x_wconf 92' lang='lat' dir='ltr'><strong>Polo·</strong></span> <span class='ocrx_word' id='word_1_29' title='bbox 1120 1197 1245 1242; x_wconf 68' lang='lat' dir='ltr'><strong>minuam</strong></span> <span class='ocrx_word' id='word_1_30' title='bbox 1260 1199 1364 1243; x_wconf 56' lang='lat' dir='ltr'><strong>rorati-</strong></span> 
     </span>
     <span class='ocr_line' id='line_1_6' title="bbox 119 1266 1328 1371; baseline 0 -14"><span class='ocrx_word' id='word_1_31' title='bbox 119 1289 180 1359; x_wconf 87' lang='lat' dir='ltr'><strong>oiae</strong></span> <span class='ocrx_word' id='word_1_32' title='bbox 195 1290 366 1369; x_wconf 85' lang='lat' dir='ltr'><strong>laceram,</strong></span> <span class='ocrx_word' id='word_1_33' title='bbox 381 1291 589 1369; x_wconf 85' lang='lat' dir='ltr'><strong>deformem,</strong></span> <span class='ocrx_word' id='word_1_34' title='bbox 605 1290 804 1371; x_wconf 83' lang='lat' dir='ltr'><strong>obscuram,</strong></span> <span class='ocrx_word' id='word_1_35' title='bbox 821 1296 998 1371; x_wconf 90' lang='lat' dir='ltr'><strong>ruentem,</strong></span> <span class='ocrx_word' id='word_1_36' title='bbox 1013 1312 1092 1358; x_wconf 91' lang='lat' dir='ltr'><strong>cum</strong></span> <span class='ocrx_word' id='word_1_37' title='bbox 1158 1266 1328 1317; x_wconf 68' lang='lat'><strong>“⁰¹¹⁰&#39;²&#39;¹&#39;&#39;&#39;⁸¹</strong></span> 
     </span>
     <span class='ocr_line' id='line_1_7' title="bbox 118 1399 1093 1494; baseline -0.001 -26"><span class='ocrx_word' id='word_1_38' title='bbox 118 1400 294 1470; x_wconf 87' lang='lat' dir='ltr'><strong>intrantes</strong></span> <span class='ocrx_word' id='word_1_39' title='bbox 317 1400 495 1468; x_wconf 90' lang='lat' dir='ltr'><strong>asseribus</strong></span> <span class='ocrx_word' id='word_1_40' title='bbox 519 1421 626 1491; x_wconf 88' lang='lat' dir='ltr'><strong>super</strong></span> <span class='ocrx_word' id='word_1_41' title='bbox 649 1400 841 1494; x_wconf 91' lang='lat' dir='ltr'><strong>impositis,</strong></span> <span class='ocrx_word' id='word_1_42' title='bbox 867 1399 1093 1469; x_wconf 82' lang='lat' dir='ltr'><strong>eruentibus</strong></span> 
     </span>
     <span class='ocr_line' id='line_1_8' title="bbox 118 1511 1092 1604; baseline -0.002 -24"><span class='ocrx_word' id='word_1_43' title='bbox 118 1518 390 1604; x_wconf 85' lang='lat' dir='ltr'><strong>protegerentur</strong></span> <span class='ocrx_word' id='word_1_44' title='bbox 411 1511 602 1580; x_wconf 88' lang='lat' dir='ltr'><strong>lateribus:</strong></span> <span class='ocrx_word' id='word_1_45' title='bbox 624 1511 794 1604; x_wconf 88' lang='lat' dir='ltr'><strong>impensis</strong></span> <span class='ocrx_word' id='word_1_46' title='bbox 828 1511 984 1603; x_wconf 77' lang='lat' dir='ltr'><strong>magniS,</strong></span> <span class='ocrx_word' id='word_1_47' title='bbox 1012 1532 1092 1579; x_wconf 90' lang='lat' dir='ltr'><strong>cum</strong></span> 
     </span>
     <span class='ocr_line' id='line_1_9' title="bbox 117 1621 1088 1714; baseline -0.001 -24"><span class='ocrx_word' id='word_1_48' title='bbox 117 1622 245 1714; x_wconf 80' lang='lat' dir='ltr'><strong>insigni</strong></span> <span class='ocrx_word' id='word_1_49' title='bbox 265 1622 442 1713; x_wconf 87' lang='lat' dir='ltr'><strong>reparavit</strong></span> <span class='ocrx_word' id='word_1_50' title='bbox 467 1622 604 1691; x_wconf 88' lang='lat' dir='ltr'><strong>decore.</strong></span> <span class='ocrx_word' id='word_1_51' title='bbox 634 1626 880 1714; x_wconf 87' lang='lat' dir='ltr'><strong>Stupuerequc</strong></span> <span class='ocrx_word' id='word_1_52' title='bbox 910 1621 1088 1699; x_wconf 87' lang='lat' dir='ltr'><strong>universi,</strong></span> 
     </span>
     <span class='ocr_line' id='line_1_10' title="bbox 117 1731 1093 1824; baseline 0 -24"><span class='ocrx_word' id='word_1_53' title='bbox 117 1735 294 1802; x_wconf 90' lang='lat' dir='ltr'><strong>undenam</strong></span> <span class='ocrx_word' id='word_1_54' title='bbox 310 1739 429 1812; x_wconf 68' lang='lat' dir='ltr'><strong>tantae,</strong></span> <span class='ocrx_word' id='word_1_55' title='bbox 457 1738 600 1824; x_wconf 87' lang='lat' dir='ltr'><strong>tamque</strong></span> <span class='ocrx_word' id='word_1_56' title='bbox 619 1731 800 1824; x_wconf 83' lang='lat' dir='ltr'><strong>praestanti</strong></span> <span class='ocrx_word' id='word_1_57' title='bbox 820 1731 925 1813; x_wconf 92' lang='lat' dir='ltr'><strong>moli,</strong></span> <span class='ocrx_word' id='word_1_58' title='bbox 948 1754 996 1800; x_wconf 85' lang='lat' dir='ltr'><strong>aes</strong></span> <span class='ocrx_word' id='word_1_59' title='bbox 1012 1754 1093 1823; x_wconf 90' lang='lat' dir='ltr'><strong>sup·</strong></span> 
     </span>
     <span class='ocr_line' id='line_1_11' title="bbox 116 1844 1093 1938; baseline -0.005 -23"><span class='ocrx_word' id='word_1_60' title='bbox 116 1847 260 1938; x_wconf 91' lang='lat' dir='ltr'><strong>petierit</strong></span> <span class='ocrx_word' id='word_1_61' title='bbox 279 1845 538 1925; x_wconf 67' lang='lat' dir='ltr'><strong>restaurande,</strong></span> <span class='ocrx_word' id='word_1_62' title='bbox 564 1844 728 1936; x_wconf 88' lang='lat' dir='ltr'><strong>expensis</strong></span> <span class='ocrx_word' id='word_1_63' title='bbox 750 1866 895 1913; x_wconf 90' lang='lat' dir='ltr'><strong>censum</strong></span> <span class='ocrx_word' id='word_1_64' title='bbox 916 1866 1093 1935; x_wconf 84' lang='lat' dir='ltr'><strong>superan-</strong></span> 
     </span>
     <span class='ocr_line' id='line_1_12' title="bbox 115 1958 1090 2050; baseline 0.001 -25"><span class='ocrx_word' id='word_1_65' title='bbox 115 1958 237 2027; x_wconf 77' lang='lat' dir='ltr'><strong>tibus‘l</strong></span> <span class='ocrx_word' id='word_1_66' title='bbox 267 1964 303 2027; x_wconf 90' lang='lat' dir='ltr'><strong>et</strong></span> <span class='ocrx_word' id='word_1_67' title='bbox 333 1958 416 2049; x_wconf 88' lang='lat' dir='ltr'><strong>quia</strong></span> <span class='ocrx_word' id='word_1_68' title='bbox 453 1963 606 2050; x_wconf 89' lang='lat' dir='ltr'><strong>quatuor</strong></span> <span class='ocrx_word' id='word_1_69' title='bbox 634 1958 841 2049; x_wconf 77' lang='lat' dir='ltr'><strong>angulareS,</strong></span> <span class='ocrx_word' id='word_1_70' title='bbox 871 1958 1090 2049; x_wconf 89' lang='lat' dir='ltr'><strong>turritosquc</strong></span> 
     </span>
     <span class='ocr_line' id='line_1_13' title="bbox 116 2068 1088 2161; baseline 0.001 -26"><span class='ocrx_word' id='word_1_71' title='bbox 116 2069 287 2147; x_wconf 89' lang='lat' dir='ltr'><strong>vertices,</strong></span> <span class='ocrx_word' id='word_1_72' title='bbox 304 2068 400 2137; x_wconf 92' lang='lat' dir='ltr'><strong>nullo</strong></span> <span class='ocrx_word' id='word_1_73' title='bbox 416 2068 496 2137; x_wconf 92' lang='lat' dir='ltr'><strong>usui</strong></span> <span class='ocrx_word' id='word_1_74' title='bbox 510 2068 699 2161; x_wconf 90' lang='lat' dir='ltr'><strong>decorique</strong></span> <span class='ocrx_word' id='word_1_75' title='bbox 717 2068 874 2138; x_wconf 83' lang='lat' dir='ltr'><strong>ecclesiae</strong></span> <span class='ocrx_word' id='word_1_76' title='bbox 891 2068 1088 2159; x_wconf 85' lang='lat' dir='ltr'><strong>dejecerat,</strong></span> 
     </span>
     <span class='ocr_line' id='line_1_14' title="bbox 115 2182 1091 2273; baseline 0 -24"><span class='ocrx_word' id='word_1_77' title='bbox 115 2183 272 2252; x_wconf 90' lang='lat' dir='ltr'><strong>medium</strong></span> <span class='ocrx_word' id='word_1_78' title='bbox 286 2203 369 2251; x_wconf 90' lang='lat' dir='ltr'><strong>vcro</strong></span> <span class='ocrx_word' id='word_1_79' title='bbox 382 2182 549 2251; x_wconf 89' lang='lat' dir='ltr'><strong>decenter</strong></span> <span class='ocrx_word' id='word_1_80' title='bbox 562 2187 725 2250; x_wconf 88' lang='lat' dir='ltr'><strong>ornatum</strong></span> <span class='ocrx_word' id='word_1_81' title='bbox 740 2182 932 2260; x_wconf 86' lang='lat' dir='ltr'><strong>extulerat,</strong></span> <span class='ocrx_word' id='word_1_82' title='bbox 951 2182 1091 2273; x_wconf 89' lang='lat' dir='ltr'><strong>obgan-</strong></span> 
     </span>
     <span class='ocr_line' id='line_1_15' title="bbox 114 2294 1090 2385; baseline -0.001 -23"><span class='ocrx_word' id='word_1_83' title='bbox 114 2296 188 2365; x_wconf 87' lang='lat' dir='ltr'><strong>nire</strong></span> <span class='ocrx_word' id='word_1_84' title='bbox 205 2294 444 2365; x_wconf 83' lang='lat' dir='ltr'><strong>schismatici:</strong></span> <span class='ocrx_word' id='word_1_85' title='bbox 469 2300 622 2385; x_wconf 91' lang='lat' dir='ltr'><strong>quatuor</strong></span> <span class='ocrx_word' id='word_1_86' title='bbox 646 2295 864 2385; x_wconf 90' lang='lat' dir='ltr'><strong>patriarchas</strong></span> <span class='ocrx_word' id='word_1_87' title='bbox 887 2317 949 2385; x_wconf 90' lang='lat' dir='ltr'><strong>per</strong></span> <span class='ocrx_word' id='word_1_88' title='bbox 973 2300 1090 2363; x_wconf 85' lang='lat' dir='ltr'><strong>turres</strong></span> 
     </span>
     <span class='ocr_line' id='line_1_16' title="bbox 114 2405 1362 2503; baseline -0.001 -29"><span class='ocrx_word' id='word_1_89' title='bbox 114 2407 299 2475; x_wconf 90' lang='lat' dir='ltr'><strong>denotatos</strong></span> <span class='ocrx_word' id='word_1_90' title='bbox 310 2405 354 2474; x_wconf 90' lang='lat' dir='ltr'><strong>ab</strong></span> <span class='ocrx_word' id='word_1_91' title='bbox 364 2405 512 2475; x_wconf 88' lang='lat' dir='ltr'><strong>ecclesia</strong></span> <span class='ocrx_word' id='word_1_92' title='bbox 523 2405 683 2496; x_wconf 88' lang='lat' dir='ltr'><strong>rejectos,</strong></span> <span class='ocrx_word' id='word_1_93' title='bbox 697 2409 827 2497; x_wconf 88' lang='lat' dir='ltr'><strong>Papam</strong></span> <span class='ocrx_word' id='word_1_94' title='bbox 839 2405 1015 2498; x_wconf 91' lang='lat' dir='ltr'><strong>quintum,</strong></span> <span class='ocrx_word' id='word_1_95' title='bbox 1027 2427 1091 2497; x_wconf 90' lang='lat' dir='ltr'><strong>per</strong></span> <span class='ocrx_word' id='word_1_96' title='bbox 1118 2448 1255 2491; x_wconf 53' lang='lat' dir='ltr'><strong>„mmm</strong></span> <span class='ocrx_word' id='word_1_97' title='bbox 1281 2448 1362 2503; x_wconf 51' lang='lat' dir='ltr'><strong>„m</strong></span> 
     </span>
     <span class='ocr_line' id='line_1_17' title="bbox 113 2511 1295 2607; baseline 0.001 -24"><span class='ocrx_word' id='word_1_98' title='bbox 113 2517 265 2586; x_wconf 89' lang='lat' dir='ltr'><strong>mediam</strong></span> <span class='ocrx_word' id='word_1_99' title='bbox 289 2516 416 2586; x_wconf 85' lang='lat' dir='ltr'><strong>turrim</strong></span> <span class='ocrx_word' id='word_1_100' title='bbox 438 2515 631 2607; x_wconf 90' lang='lat' dir='ltr'><strong>signatum,</strong></span> <span class='ocrx_word' id='word_1_101' title='bbox 649 2515 736 2585; x_wconf 91' lang='lat' dir='ltr'><strong>adeo</strong></span> <span class='ocrx_word' id='word_1_102' title='bbox 758 2516 878 2585; x_wconf 84' lang='lat' dir='ltr'><strong>extolli</strong></span> <span class='ocrx_word' id='word_1_103' title='bbox 893 2522 929 2585; x_wconf 91' lang='lat' dir='ltr'><strong>et</strong></span> <span class='ocrx_word' id='word_1_104' title='bbox 948 2515 1087 2584; x_wconf 90' lang='lat' dir='ltr'><strong>ornari:</strong></span> <span class='ocrx_word' id='word_1_105' title='bbox 1184 2511 1295 2553; x_wconf 67' lang='lat'><strong>⁰¹⁰¹¹⁰¹³¹¹⁸·</strong></span> 
     </span>
     <span class='ocr_line' id='line_1_18' title="bbox 113 2625 1087 2720; baseline 0.004 -28"><span class='ocrx_word' id='word_1_106' title='bbox 113 2625 353 2719; x_wconf 83' lang='lat' dir='ltr'><strong>intelligerent</strong></span> <span class='ocrx_word' id='word_1_107' title='bbox 384 2647 474 2718; x_wconf 92' lang='lat' dir='ltr'><strong>quos</strong></span> <span class='ocrx_word' id='word_1_108' title='bbox 503 2625 694 2716; x_wconf 85' lang='lat' dir='ltr'><strong>abjiceret,</strong></span> <span class='ocrx_word' id='word_1_109' title='bbox 727 2649 832 2720; x_wconf 91' lang='lat' dir='ltr'><strong>quem</strong></span> <span class='ocrx_word' id='word_1_110' title='bbox 866 2632 1087 2719; x_wconf 89' lang='lat' dir='ltr'><strong>sequeretur.</strong></span> 
     </span>
    </p>

    <p class='ocr_par' dir='ltr' id='par_1_4' title="bbox 111 2737 1093 3275">
     <span class='ocr_line' id='line_1_19' title="bbox 112 2737 1092 2830; baseline 0 -24"><span class='ocrx_word' id='word_1_111' title='bbox 112 2741 241 2808; x_wconf 89' lang='lat' dir='ltr'><strong>Verum</strong></span> <span class='ocrx_word' id='word_1_112' title='bbox 250 2739 419 2830; x_wconf 90' lang='lat' dir='ltr'><strong>Josaphat</strong></span> <span class='ocrx_word' id='word_1_113' title='bbox 428 2737 598 2806; x_wconf 90' lang='lat' dir='ltr'><strong>insulsam</strong></span> <span class='ocrx_word' id='word_1_114' title='bbox 609 2737 803 2807; x_wconf 91' lang='lat' dir='ltr'><strong>demiratus</strong></span> <span class='ocrx_word' id='word_1_115' title='bbox 814 2738 996 2817; x_wconf 91' lang='lat' dir='ltr'><strong>malitiam,</strong></span> <span class='ocrx_word' id='word_1_116' title='bbox 1014 2738 1092 2808; x_wconf 90' lang='lat' dir='ltr'><strong>red·</strong></span> 
     </span>
     <span class='ocr_line' id='line_1_20' title="bbox 112 2848 1086 2941; baseline 0.001 -24"><span class='ocrx_word' id='word_1_117' title='bbox 112 2850 270 2919; x_wconf 92' lang='lat' dir='ltr'><strong>diturum</strong></span> <span class='ocrx_word' id='word_1_118' title='bbox 297 2872 349 2927; x_wconf 90' lang='lat' dir='ltr'><strong>se,</strong></span> <span class='ocrx_word' id='word_1_119' title='bbox 377 2848 447 2928; x_wconf 88' lang='lat' dir='ltr'><strong>ait,</strong></span> <span class='ocrx_word' id='word_1_120' title='bbox 476 2855 630 2941; x_wconf 88' lang='lat' dir='ltr'><strong>quatuor</strong></span> <span class='ocrx_word' id='word_1_121' title='bbox 658 2849 878 2939; x_wconf 89' lang='lat' dir='ltr'><strong>patriarchas</strong></span> <span class='ocrx_word' id='word_1_122' title='bbox 905 2849 1086 2929; x_wconf 70' lang='lat' dir='ltr'><strong>ecclesiae,</strong></span> 
     </span>
     <span class='ocr_line' id='line_1_21' title="bbox 112 2956 1091 3048; baseline 0.004 -24"><span class='ocrx_word' id='word_1_123' title='bbox 112 2956 301 3026; x_wconf 92' lang='lat' dir='ltr'><strong>dummodo</strong></span> <span class='ocrx_word' id='word_1_124' title='bbox 322 2978 393 3025; x_wconf 94' lang='lat' dir='ltr'><strong>non</strong></span> <span class='ocrx_word' id='word_1_125' title='bbox 414 2956 567 3047; x_wconf 90' lang='lat' dir='ltr'><strong>amplius</strong></span> <span class='ocrx_word' id='word_1_126' title='bbox 586 2978 606 3024; x_wconf 91' lang='lat' dir='ltr'><strong>a</strong></span> <span class='ocrx_word' id='word_1_127' title='bbox 625 2956 740 3048; x_wconf 90' lang='lat' dir='ltr'><strong>capite</strong></span> <span class='ocrx_word' id='word_1_128' title='bbox 761 2957 1025 3027; x_wconf 84' lang='lat' dir='ltr'><strong>divellerentur.</strong></span> <span class='ocrx_word' id='word_1_129' title='bbox 1048 2962 1091 3028; x_wconf 88' lang='lat' dir='ltr'><strong>Et</strong></span> 
     </span>
     <span class='ocr_line' id='line_1_22' title="bbox 111 3064 1093 3157; baseline 0.003 -25"><span class='ocrx_word' id='word_1_130' title='bbox 111 3064 254 3154; x_wconf 90' lang='lat' dir='ltr'><strong>quidem</strong></span> <span class='ocrx_word' id='word_1_131' title='bbox 268 3070 468 3134; x_wconf 88' lang='lat' dir='ltr'><strong>restaurare</strong></span> <span class='ocrx_word' id='word_1_132' title='bbox 483 3070 650 3157; x_wconf 86' lang='lat' dir='ltr'><strong>coeperat,</strong></span> <span class='ocrx_word' id='word_1_133' title='bbox 660 3066 722 3135; x_wconf 85' lang='lat' dir='ltr'><strong>sed</strong></span> <span class='ocrx_word' id='word_1_134' title='bbox 743 3066 877 3134; x_wconf 92' lang='lat' dir='ltr'><strong>crudeli</strong></span> <span class='ocrx_word' id='word_1_135' title='bbox 892 3065 1093 3143; x_wconf 83' lang='lat' dir='ltr'><strong>Vitebscen,</strong></span> 
     </span>
     <span class='ocr_line' id='line_1_23' title="bbox 111 3174 1086 3275; baseline 0.006 -34"><span class='ocrx_word' id='word_1_136' title='bbox 111 3174 1086 3275; x_wconf 79' lang='lat' dir='ltr'><strong>siummanupraeventuS,succcssorifiniendostradidit.</strong></span> 
     </span>
    </p>
   </div>
   <div class='ocr_carea' id='block_1_4' title="bbox 108 3296 1339 4170">
    <p class='ocr_par' dir='ltr' id='par_1_5' title="bbox 108 3296 1339 4170">
     <span class='ocr_line' id='line_1_24' title="bbox 152 3296 1089 3389; baseline 0.001 -24"><span class='ocrx_word' id='word_1_137' title='bbox 152 3297 259 3365; x_wconf 81' lang='lat' dir='ltr'><strong>hules</strong></span> <span class='ocrx_word' id='word_1_138' title='bbox 270 3296 314 3363; x_wconf 91' lang='lat' dir='ltr'><strong>ad</strong></span> <span class='ocrx_word' id='word_1_139' title='bbox 324 3296 526 3364; x_wconf 87' lang='lat' dir='ltr'><strong>cathedram</strong></span> <span class='ocrx_word' id='word_1_140' title='bbox 540 3297 620 3366; x_wconf 89' lang='lat' dir='ltr'><strong>etin</strong></span> <span class='ocrx_word' id='word_1_141' title='bbox 628 3297 721 3366; x_wconf 90' lang='lat' dir='ltr'><strong>villis</strong></span> <span class='ocrx_word' id='word_1_142' title='bbox 735 3302 808 3365; x_wconf 90' lang='lat' dir='ltr'><strong>suis</strong></span> <span class='ocrx_word' id='word_1_143' title='bbox 817 3298 1089 3389; x_wconf 82' lang='lat' dir='ltr'><strong>praecellentesa</strong></span> 
     </span>
     <span class='ocr_line' id='line_1_25' title="bbox 109 3405 1085 3499; baseline 0.007 -28"><span class='ocrx_word' id='word_1_144' title='bbox 109 3406 225 3474; x_wconf 87' lang='lat' dir='ltr'><strong>radice</strong></span> <span class='ocrx_word' id='word_1_145' title='bbox 238 3405 415 3475; x_wconf 85' lang='lat' dir='ltr'><strong>excitavit.</strong></span> <span class='ocrx_word' id='word_1_146' title='bbox 430 3411 472 3474; x_wconf 87' lang='lat' dir='ltr'><strong>Et</strong></span> <span class='ocrx_word' id='word_1_147' title='bbox 485 3407 586 3498; x_wconf 90' lang='lat' dir='ltr'><strong>quasi</strong></span> <span class='ocrx_word' id='word_1_148' title='bbox 598 3407 768 3499; x_wconf 89' lang='lat' dir='ltr'><strong>principis</strong></span> <span class='ocrx_word' id='word_1_149' title='bbox 779 3408 914 3477; x_wconf 86' lang='lat' dir='ltr'><strong>reditus</strong></span> <span class='ocrx_word' id='word_1_150' title='bbox 925 3408 1085 3490; x_wconf 88' lang='lat' dir='ltr'><strong>haberet,</strong></span> 
     </span>
     <span class='ocr_line' id='line_1_26' title="bbox 109 3506 1339 3611; baseline 0.008 -28"><span class='ocrx_word' id='word_1_151' title='bbox 109 3516 277 3585; x_wconf 91' lang='lat' dir='ltr'><strong>divinitus</strong></span> <span class='ocrx_word' id='word_1_152' title='bbox 288 3523 500 3608; x_wconf 89' lang='lat' dir='ltr'><strong>suppetente</strong></span> <span class='ocrx_word' id='word_1_153' title='bbox 515 3540 633 3588; x_wconf 85' lang='lat' dir='ltr'><strong>rerum</strong></span> <span class='ocrx_word' id='word_1_154' title='bbox 647 3520 758 3611; x_wconf 87' lang='lat' dir='ltr'><strong>copia,</strong></span> <span class='ocrx_word' id='word_1_155' title='bbox 775 3519 811 3588; x_wconf 93' lang='lat' dir='ltr'><strong>in</strong></span> <span class='ocrx_word' id='word_1_156' title='bbox 823 3519 883 3589; x_wconf 90' lang='lat' dir='ltr'><strong>Dei</strong></span> <span class='ocrx_word' id='word_1_157' title='bbox 896 3519 1043 3611; x_wconf 84' lang='lat' dir='ltr'><strong>gloriam</strong></span> <span class='ocrx_word' id='word_1_158' title='bbox 1054 3526 1090 3589; x_wconf 90' lang='lat' dir='ltr'><strong>et</strong></span> <span class='ocrx_word' id='word_1_159' title='bbox 1116 3506 1339 3594; x_wconf 61' lang='lat' dir='ltr'><strong>reassumam-</strong></span> 
     </span>
     <span class='ocr_line' id='line_1_27' title="bbox 110 3616 1259 3722; baseline 0.005 -28"><span class='ocrx_word' id='word_1_160' title='bbox 110 3648 297 3719; x_wconf 85' lang='lat' dir='ltr'><strong>pauperes,</strong></span> <span class='ocrx_word' id='word_1_161' title='bbox 313 3649 419 3720; x_wconf 89' lang='lat' dir='ltr'><strong>quam</strong></span> <span class='ocrx_word' id='word_1_162' title='bbox 437 3629 589 3720; x_wconf 89' lang='lat' dir='ltr'><strong>plurima</strong></span> <span class='ocrx_word' id='word_1_163' title='bbox 604 3630 771 3721; x_wconf 89' lang='lat' dir='ltr'><strong>erogavit.</strong></span> <span class='ocrx_word' id='word_1_164' title='bbox 788 3634 832 3700; x_wconf 92' lang='lat' dir='ltr'><strong>Ut</strong></span> <span class='ocrx_word' id='word_1_165' title='bbox 847 3630 1088 3722; x_wconf 87' lang='lat' dir='ltr'><strong>possessiones</strong></span> <span class='ocrx_word' id='word_1_166' title='bbox 1216 3616 1259 3655; x_wconf 65' lang='lat'><strong>‘⁸²&#39;</strong></span> 
     </span>
     <span class='ocr_line' id='line_1_28' title="bbox 108 3737 1088 3830; baseline 0.008 -27"><span class='ocrx_word' id='word_1_167' title='bbox 108 3737 264 3806; x_wconf 85' lang='lat' dir='ltr'><strong>ecclesiae</strong></span> <span class='ocrx_word' id='word_1_168' title='bbox 284 3737 329 3805; x_wconf 88' lang='lat' dir='ltr'><strong>ab</strong></span> <span class='ocrx_word' id='word_1_169' title='bbox 348 3737 659 3830; x_wconf 84' lang='lat' dir='ltr'><strong>impertinentibus</strong></span> <span class='ocrx_word' id='word_1_170' title='bbox 683 3740 776 3809; x_wconf 90' lang='lat' dir='ltr'><strong>bello</strong></span> <span class='ocrx_word' id='word_1_171' title='bbox 795 3740 1017 3811; x_wconf 87' lang='lat' dir='ltr'><strong>Moscovitico</strong></span> <span class='ocrx_word' id='word_1_172' title='bbox 1032 3763 1088 3811; x_wconf 92' lang='lat' dir='ltr'><strong>oc·</strong></span> 
     </span>
     <span class='ocr_line' id='line_1_29' title="bbox 108 3848 1088 3943; baseline 0.006 -30"><span class='ocrx_word' id='word_1_173' title='bbox 108 3855 254 3939; x_wconf 88' lang='lat' dir='ltr'><strong>cupatas</strong></span> <span class='ocrx_word' id='word_1_174' title='bbox 265 3848 469 3928; x_wconf 90' lang='lat' dir='ltr'><strong>vindicaret,</strong></span> <span class='ocrx_word' id='word_1_175' title='bbox 483 3871 552 3918; x_wconf 90' lang='lat' dir='ltr'><strong>non</strong></span> <span class='ocrx_word' id='word_1_176' title='bbox 568 3873 647 3919; x_wconf 90' lang='lat' dir='ltr'><strong>raro</strong></span> <span class='ocrx_word' id='word_1_177' title='bbox 662 3850 738 3943; x_wconf 90' lang='lat' dir='ltr'><strong>ipse</strong></span> <span class='ocrx_word' id='word_1_178' title='bbox 752 3852 839 3919; x_wconf 89' lang='lat' dir='ltr'><strong>actis</strong></span> <span class='ocrx_word' id='word_1_179' title='bbox 854 3852 961 3921; x_wconf 88' lang='lat' dir='ltr'><strong>variis</strong></span> <span class='ocrx_word' id='word_1_180' title='bbox 976 3853 1088 3922; x_wconf 90' lang='lat' dir='ltr'><strong>revol-</strong></span> 
     </span>
     <span class='ocr_line' id='line_1_30' title="bbox 109 3958 1089 4055; baseline 0.008 -31"><span class='ocrx_word' id='word_1_181' title='bbox 109 3958 251 4037; x_wconf 88' lang='lat' dir='ltr'><strong>vendis,</strong></span> <span class='ocrx_word' id='word_1_182' title='bbox 268 3981 311 4026; x_wconf 89' lang='lat' dir='ltr'><strong>ex</strong></span> <span class='ocrx_word' id='word_1_183' title='bbox 330 3958 461 4049; x_wconf 90' lang='lat' dir='ltr'><strong>quibus</strong></span> <span class='ocrx_word' id='word_1_184' title='bbox 471 3960 684 4029; x_wconf 89' lang='lat' dir='ltr'><strong>monimenta</strong></span> <span class='ocrx_word' id='word_1_185' title='bbox 700 3961 910 4055; x_wconf 79' lang='lat' dir='ltr'><strong>recipiendis</strong></span> <span class='ocrx_word' id='word_1_186' title='bbox 928 3984 1089 4054; x_wconf 86' lang='lat' dir='ltr'><strong>excerpe·</strong></span> 
     </span>
     <span class='ocr_line' id='line_1_31' title="bbox 109 4069 1087 4170; baseline 0.011 -35"><span class='ocrx_word' id='word_1_187' title='bbox 109 4069 471 4151; x_wconf 89' lang='lat' dir='ltr'><strong>retbonis,dicstotos</strong></span> <span class='ocrx_word' id='word_1_188' title='bbox 483 4073 685 4167; x_wconf 91' lang='lat' dir='ltr'><strong>insumpsit.</strong></span> <span class='ocrx_word' id='word_1_189' title='bbox 696 4079 733 4144; x_wconf 94' lang='lat' dir='ltr'><strong>ln</strong></span> <span class='ocrx_word' id='word_1_190' title='bbox 745 4075 895 4147; x_wconf 87' lang='lat' dir='ltr'><strong>liteoum</strong></span> <span class='ocrx_word' id='word_1_191' title='bbox 906 4077 1011 4146; x_wconf 90' lang='lat' dir='ltr'><strong>variis</strong></span> <span class='ocrx_word' id='word_1_192' title='bbox 1023 4099 1087 4170; x_wconf 90' lang='lat' dir='ltr'><strong>pro</strong></span> 
     </span>
    </p>
   </div>
   <div class='ocr_carea' id='block_1_5' title="bbox 0 0 1634 5484">
    <p class='ocr_par' dir='ltr' id='par_1_6' title="bbox 0 0 1634 5484">
     <span class='ocr_line' id='line_1_32' title="bbox 0 0 1634 5484; baseline 0 6"><span class='ocrx_word' id='word_1_193' title='bbox 0 0 1634 5484; x_wconf 95' lang='lat' dir='ltr'><strong> </strong></span> 
     </span>
    </p>
   </div>
  </div>
 </body>
</html>
