3259 5484
447 702 648 782 -l8'l—

81 874 277 955 ejmobitum,
297 876 448 939 martam
463 875 496 936 an
517 857 585 955 ejus
598 890 715 956 corpus
734 872 894 947 nauteam,
914 879 945 933 ea
961 872 1038 953 qua

84 978 111 1039 in
131 980 357 1063 archiepiscopo
370 980 459 1043 nulla
475 979 537 1042 alia
552 978 660 1042 aderat
674 980 785 1042 mortis
797 996 907 1053 causa3
927 987 957 1041 et
977 979 1035 1062 ipsi

83 1081 249 1144 schismatici
270 1083 384 1164 saepius
407 1081 479 1144 fassi
502 1080 645 1155 fuerunt,
668 1098 700 1143 se
724 1081 825 1143 sitisse
849 1081 1036 1161 sanguinem

79 1187 219 1265 presulis,
243 1195 396 1269 tanquam
418 1186 608 1250 destruentis
637 1204 748 1249 eorum
763 1194 890 1248 sectam.
917 1186 1036 1261 Quibus

78 1290 262 1353 exterioribus
282 1290 495 1371 argumentis,
520 1290 663 1353 deductis
689 1309 726 1352 ex
755 1288 1034 1377 antecedentibus,¹

77 1390 319 1472 subsequentibus
340 1400 372 1453 et
396 1391 701 1465 concomitantibus,
726 1408 821 1453 causa
847 1388 1033 1465 occisionis,

77 1510 173 1575 nempe
185 1494 293 1557 odium
309 1494 381 1555 lidei
397 1500 491 1575 atque
504 1492 631 1556 unionis
642 1511 716 1557 cum
726 1490 1030 1566 RomanaEcolesia,

76 1591 250 1666 desumitur;
271 1596 391 1677 quippo
411 1594 514 1677 quod,
541 1595 586 1657 uti
609 1612 673 1658 non
690 1594 807 1656 cadens
827 1593 886 1655 sub
905 1608 1032 1655 sensum

75 1694 172 1758 directe
181 1707 211 1760 et
219 1698 401 1760 immediate
415 1697 543 1780 probari
556 1715 621 1760 non
635 1704 746 1780 potest.
759 1697 849 1759 Ratio
862 1705 967 1761 autem
979 1712 1036 1779 per

75 1804 167 1859 testem
175 1798 334 1861 afferenda
342 1806 389 1861 sat
396 1806 452 1873 est,
465 1800 489 1861 si
499 1799 650 1881 implicite
658 1797 820 1875 reddatur,
832 1798 1036 1879 etcolligatur

75 1897 158 1978 ipsius
169 1900 376 1983 depositione.

101 2001 406 2087 Tertiumobjectum,
417 2022 531 2088 nempe
542 2005 792 2087 singularitatem
803 2004 936 2067 testibus
943 2022 1037 2087 oppo-

75 2103 366 2181 sitam,assercbatur
377 2126 443 2171 non
454 2108 599 2171 obstare:
616 2114 683 2169 tum
694 2109 780 2189 quia,
790 2108 846 2170 ubi
856 2126 920 2171 non
931 2108 1035 2187 agitur

74 2202 105 2266 de
115 2208 273 2288 probando
290 2218 376 2273 certo
391 2218 462 2272 actu
477 2210 620 2293 speciali,
637 2209 691 2272 sed
705 2211 737 2272 in
750 2228 879 2290 genere,
890 2210 1033 2292 proban-

73 2308 138 2372 dum
150 2323 194 2376 est
214 2314 246 2376 id
265 2314 352 2395 quod
368 2315 499 2376 resultat
514 2333 553 2376 ex
568 2314 691 2376 actibus
713 2314 918 2396 specialibus,
943 2322 977 2375 ut
998 2313 1031 2375 in

73 2428 135 2475 casu
147 2416 301 2496 presenti,
316 2415 426 2479 odium
436 2416 508 2478 tidei
523 2424 555 2477 et
569 2416 696 2479 unionis
704 2418 736 2478 in
744 2416 952 2479 schismaticis
963 2435 1035 2479 eau-

73 2529 128 2574 sam
144 2514 264 2577 dedisse
278 2517 373 2579 morti
392 2517 621 2599 archiepiscopi
634 2516 801 2599 iosaphat,
826 2515 1037 2579 admittuntur

72 2619 149 2676 testes
161 2616 337 2697 singulares
350 2615 544 2699 deponentes
552 2618 592 2679 de
603 2617 751 2700 pluribus
762 2617 885 2679 actibus
897 2617 1035 2699 particu-

72 2714 185 2794 laribus,
206 2739 245 2781 ex
265 2719 383 2801 quibus
397 2722 528 2784 resultet
541 2720 730 2797 universale,
747 2728 783 2782 ut
796 2718 857 2782 luit
867 2719 988 2782 dictum
1002 2724 1033 2781 in

71 2817 212 2883 delatione
223 2822 262 2883 B.
283 2822 310 2883 T
307 2822 441 2885 tartede
459 2822 625 2898 Villunoeo,
638 2823 670 2883 iac
688 2822 737 2884 u't.
750 2821 903 2885 debirint.
920 2812 983 2903 cup.
1000 2821 1035 2884 de

71 2917 118 2996 fide
127 2930 154 2981 et
166 2943 230 3005 cop.
243 2922 278 2984 de
287 2924 435 2986 claritate
446 2926 478 2985 in
489 2925 677 3006 proximum,
688 2932 776 3007 atque
791 2925 822 2986 iu
833 2924 984 2987 [delatione
993 2926 1033 2987 B.

72 3019 229 3087 Catdorinoe
241 3025 275 3087 de
289 3025 401 3087 Bc'ceia's
410 3036 492 3109 port.
510 3026 579 3088 lcde
590 3046 672 3109 proc.
690 3028 722 3087 in
738 3028 807 3108 fine,
825 3047 922 3089 versus
935 3027 1035 3089 Minus

69 3126 146 3188 etium
162 3131 170 3165 ¹
181 3149 192 3204 3
215 3130 395 3191 tumetium
416 3130 492 3211 quia
511 3138 603 3192 testes
625 3130 801 3209 singulares
828 3131 968 3193 sufficere
992 3130 1031 3193 ad

68 3226 254 3304 probandam
286 3230 384 3291 animi
406 3230 653 3293 declarationem
680 3228 810 3291 tradunt
831 3229 928 3292 Castr.
954 3231 1031 3291 Gra-

69 3329 150 3406 ralt.,
168 3340 227 3394 etc.

100 3430 143 3493 lid
161 3433 312 3495 ultimum
335 3432 594 3515 respondebatur,
614 3432 731 3495 famam
752 3434 846 3516 plene
860 3442 891 3495 et
905 3434 1034 3497 ‘conclu--

68 3528 241 3596 deuteresse
253 3534 420 3617 probatam
434 3554 471 3595 er
484 3533 593 3596 decem
608 3534 737 3597 testibus
748 3536 920 3609 recensitis
931 3536 985 3598 ubi
996 3536 1035 3598 de

68 3636 143 3701 illius
155 3641 367 3702 vendicatione
382 3650 488 3701 actum
501 3639 562 3701 luit
577 3638 609 3699 in
621 3640 639 3719 ξ
652 3640 745 3700 Fama
755 3640 912 3716 nimiruum
930 3648 959 3701 et
971 3640 1036 3703 rod-

67 3737 351 3805 duntsufficientem
364 3744 518 3805 rationem
526 3741 613 3816 dicti,
621 3742 699 3803 dum
708 3741 748 3803 ab
756 3742 902 3805 universo
912 3744 1034 3825 populo

66 3842 261 3927 iosaphatum
281 3847 419 3929 reputari
439 3855 610 3927 martyrem
626 3846 794 3920 affirmant,
812 3846 903 3927 juxta
921 3846 1035 3909 tradita

95 4082 102 4109 ¹
114 4080 183 4133 Coei.
201 4084 237 4135 De
248 4084 346 4137 Servor.
359 4084 403 4135 bei
416 4081 499 4145 beatis.
512 4082 530 4133 l.
548 4094 587 4144 111,
602 4096 624 4132 c.
636 4082 663 4141 2,
674 4080 718 4132 ubi
730 4080 779 4133 hoe
791 4087 964 4146 argumentum
982 4083 1036 4133 luse

67 4167 186 4221 lraclllur.
