3259 5484
975 705 1020 725 ·-
1043 666 1107 735 ll'ss
1129 704 1175 717 -

589 832 679 885 tuum
699 842 781 905 quos
799 824 936 887 excitant
960 825 992 885 in
1016 822 1303 905 archiepiscopum,
1320 832 1349 883 et
1363 823 1475 903 passim
1491 836 1547 883 res-

588 925 735 1007 pondisse
748 948 754 987 :
766 926 842 1007 quia
852 944 968 1008 papam
980 925 1173 1005 recognoscit
1182 933 1214 987 et
1226 942 1282 986 nos
1294 924 1431 1005 papistas
1442 925 1549 985 allicere

586 1039 737 1100 conatum
754 1028 892 1091 subdens
909 1030 941 1091 in
959 1030 1042 1092 fine:
1060 1027 1148 1089 Hunc
1168 1046 1281 1089 servam
1304 1028 1362 1089 Ilei
1387 1046 1502 1107 cycneo
1524 1027 1547 1083 in

587 1142 766 1213 martyrem,
787 1141 926 1214 tuaquom
944 1153 1004 1215 pro
1027 1131 1085 1215 fide
1103 1140 1132 1193 et
1151 1131 1286 1212 primatu
1309 1132 1341 1191 S.
1366 1131 1451 1193 Petri
1464 1131 1548 1189 inler-

584 1236 693 1315 sectam
704 1256 715 1305 ,·
729 1244 758 1299 et
773 1239 829 1297 tlt
849 1236 934 1298 testis
954 1234 1078 1305 dicens,
1101 1234 1224 1295 nullam
1247 1250 1377 1294 causam
1400 1232 1547 1294 mortisia

588 1337 643 1399 illo
658 1335 761 1410 luisse,
776 1354 875 1417 quam
890 1334 974 1417 quod
992 1333 1168 1398 lucritcum
1182 1332 1212 1395 S.
1228 1334 1263 1395 R.
1280 1333 1314 1395 E.
1330 1333 1446 1395 unitus.
1458 1331 1549 1394 Addit-

586 1460 649 1523 qne
659 1441 815 1523 predictis
825 1443 911 1503 testis
920 1445 970 1518 at,
984 1441 1044 1503 bac
1053 1440 1093 1503 de
1102 1456 1197 1503 eausa
1210 1439 1424 1501 schismaticos
1435 1436 1549 1500 insidias

587 1544 701 1625 saepius
721 1544 870 1606 struxisse
888 1564 894 1605 :
909 1542 1000 1618 ccede,
1015 1542 1130 1618 occide,
1150 1540 1488 1618 tati'nammcereacnm,
1501 1560 1513 1619 p
1540 1574 1548 1582 -

584 1647 697 1726 piatam
719 1645 913 1719 clamitasse,
935 1653 966 1707 at
992 1647 1028 1705 tt
1059 1643 1161 1717 testis,
1188 1643 1244 1723 ‹pui
1274 1640 1334 1703 fuit
1358 1639 1549 1703 confessarius

587 1747 699 1829 optimi
714 1748 862 1811 antistitis
876 1756 907 1809 at
919 1755 1072 1828 tanquam
1095 1745 1295 1809 conscientia
1310 1744 1396 1806 illius
1417 1743 1547 1822 ignarus,

588 1870 651 1916 non
665 1852 725 1915 nisi
741 1870 799 1933 pro
813 1852 951 1935 primatu
967 1851 1055 1915 Sedis
1065 1851 1247 1933 Apostolioae
1258 1859 1288 1913 et
1297 1849 1442 1911 Ecclesiae
1456 1848 1550 1910 Catho-

588 1959 671 2033 lica,
682 1958 768 2041 quod
779 1959 859 2022 adeo
872 1958 1034 2041 cupiebat,
1046 1958 1230 2038 sanguinem
1246 1955 1373 2019 fudisse.
1386 1956 1459 2030 Quae
1468 1955 1550 2015 etiam

586 2064 754 2125 confirmat
766 2061 993 2141 totiusllussiae
1003 2059 1213 2141 metropolita,
1227 2059 1384 2140 inquiens,
1392 2058 1513 2119 nullum
1524 2056 1550 2115 in

588 2183 685 2243 regno
697 2163 833 2226 Poloniae
849 2163 994 2244 reperiri,
1005 2162 1060 2243 qui
1070 2162 1265 2225 contrarium
1278 2160 1378 2234 dicat3
1391 2158 1551 2238 iisdemque

587 2265 724 2327 cohaeret
737 2265 833 2327 etiam
847 2264 1002 2345 depositio
1017 2267 1030 2325 l
1048 2272 1079 2325 et
1092 2269 1111 2326 2
1124 2264 1249 2326 testium
1265 2264 1298 2324 in
1312 2265 1454 2328 Processu
1467 2261 1550 2335 artis,

588 2388 728 2450 quorum
748 2370 828 2431 alter
848 2377 895 2431 est
916 2369 1083 2451 episcopus
1100 2370 1256 2443 Nolanus,
1282 2369 1359 2431 olim
1381 2369 1413 2429 in
1434 2366 1550 2429 Polouia
1620 2432 1621 2437 γ

590 2470 736 2544 Nuntius,
751 2470 927 2544 affirmans,
940 2470 1008 2551 ipso
1021 2470 1174 2546 instante,
1190 2479 1261 2552 post
1274 2488 1403 2532 causam
1417 2468 1552 2548 legitimis
1620 2524 1621 2559 ,

588 2572 830 2654 probationibus
842 2573 1027 2635 instructam
1042 2574 1168 2655 capitali
1184 2583 1285 2637 morte
1299 2576 1425 2636 meritas
1439 2574 1477 2636 de
1489 2592 1550 2655 par·
1620 2618 1621 2663 ,

589 2674 695 2736 ricidis
708 2684 850 2756 sumptas
865 2674 959 2738 luisse
973 2694 1084 2758 poenas
1101 2677 1143 2740 ob
1163 2686 1320 2758 patratum
1339 2676 1460 2739 facinus
1478 2677 1552 2738 neeis
1620 2668 1621 2700 ³

589 2780 815 2861 archiepiscopi
830 2799 975 2843 excausa
990 2779 1153 2843 catholicae
1176 2781 1337 2860 religionis
1351 2781 1464 2855 illatae3
1485 2780 1552 2841 alter

588 2899 663 2943 sero
683 2881 776 2959 irater
799 2880 910 2945 famuli
932 2882 1159 2963 archiepiscopi
1178 2882 1277 2956 addit,
1296 2901 1394 2945 unum
1410 2901 1448 2945 ex
1462 2882 1552 2943 schis-

588 2982 710 3044 maticis
723 2983 889 3064 parricidis
909 2984 941 3044 in
956 2983 1135 3047 carceribus
1149 2985 1371 3057 constitutum,
1388 2984 1551 3060 interroga-

589 3094 658 3145 tum
680 3085 807 3166 abipso
830 3094 905 3147 toste
926 3086 966 3148 de
987 3104 1082 3149 causa
1106 3089 1214 3149 mortis
1234 3089 1395 3170 Josaphati
1420 3087 1552 3151 antistitis

589 3182 786 3264 respondisse
794 3205 804 3257 3
826 3202 888 3246 non
904 3185 964 3247 nisi
979 3203 1037 3267 pro
1051 3185 1113 3247 lide
1127 3187 1283 3249 catholica
1297 3198 1328 3250 ct
1341 3189 1458 3250 unione
1473 3190 1552 3249 inter-

588 3283 704 3345 sectum
721 3284 826 3347 luisse.

629 3387 716 3461 Quod
733 3388 817 3450 idern
832 3390 924 3451 inulti
943 3390 1037 3452 etiam
1052 3391 1214 3453 catholica
1234 3392 1304 3454 tidei
1328 3394 1450 3470 hostes,
1467 3392 1550 3475 judai

588 3508 618 3560 et
644 3498 779 3559 lueretici
804 3499 906 3561 testati
928 3507 1002 3560 sunt
1018 3517 1155 3580 :nempe
1169 3505 1222 3576 te,
1239 3504 1292 3571 80,
1306 3501 1419 3581 judaei,
1436 3506 1489 3575 83,
1505 3503 1549 3569 99,
1619 3508 1620 3575 ζ

589 3605 667 3676 trs,
683 3601 868 3675 calvinistae,
885 3609 915 3663 et
927 3606 964 3665 85
980 3602 1196 3683 anabaptista,
1213 3622 1350 3684 quorum
1366 3605 1513 3687 depositio
1525 3603 1549 3661 in
1619 3582 1620 3593 ἵ

588 3705 727 3767 favorem
738 3703 810 3765 fidei
825 3703 1018 3770 admittenda
1029 3703 1209 3767 decernitur
1221 3725 1276 3787 per
1287 3706 1496 3769 Alexandrum
1508 3704 1548 3766 ll'.

588 3803 814 3866 Testimonium
830 3805 914 3865 enim
927 3803 1046 3865 inimici
1068 3822 1130 3865 uon
1142 3804 1173 3864 in
1190 3803 1329 3867 favorem
1342 3807 1458 3868 inimici
1469 3802 1551 3885 rejici-

589 3914 651 3980 tur,
667 3904 720 3966 sed
743 3905 894 3985 majorem
909 3905 1005 3967 habet
1018 3904 1157 3967 veritatis
1171 3908 1458 3989 praesumptionem.

628 4007 743 4070 Odium
766 4016 855 4071 atrox
876 4008 1148 4070 schismaticorum
1164 4008 1197 4069 in
1218 4010 1375 4091 optimum
1399 4009 1549 4094 praesulem

589 4120 620 4173 et
633 4112 737 4175 minas
761 4112 890 4185 mortu,
908 4129 1030 4174 necnon
1050 4110 1179 4174 insidias
1194 4122 1225 4174 et
1243 4114 1485 4195 conspirationes
1505 4112 1550 4170 in-
