<?xml version="1.0" encoding="UTF-8"?>
<!DOCTYPE html PUBLIC "-//W3C//DTD XHTML 1.0 Transitional//EN"
    "http://www.w3.org/TR/xhtml1/DTD/xhtml1-transitional.dtd">
<html xmlns="http://www.w3.org/1999/xhtml" xml:lang="en" lang="en">
 <head>
  <title>
</title>
<meta http-equiv="Content-Type" content="text/html;charset=utf-8" />
  <meta name='ocr-system' content='tesseract 3.04.00' />
  <meta name='ocr-capabilities' content='ocr_page ocr_carea ocr_par ocr_line ocrx_word'/>
</head>
<body>
  <div class='ocr_page' id='page_1' title='image "./cursusvitetcert00martgoog_0079.png"; bbox 0 0 3259 5484; ppageno 0'>
   <div class='ocr_carea' id='block_1_1' title="bbox 491 689 670 762">
    <p class='ocr_par' dir='ltr' id='par_1_1' title="bbox 491 689 670 762">
     <span class='ocr_line' id='line_1_1' title="bbox 491 689 670 762; baseline -0.017 -16"><span class='ocrx_word' id='word_1_1' title='bbox 491 689 670 762; x_wconf 77' lang='lat'>..55-</span> 
     </span>
    </p>
   </div>
   <div class='ocr_carea' id='block_1_2' title="bbox 92 844 1341 4186">
    <p class='ocr_par' dir='ltr' id='par_1_2' title="bbox 94 844 1065 930">
     <span class='ocr_line' id='line_1_2' title="bbox 94 844 1065 930; baseline -0.006 -10"><span class='ocrx_word' id='word_1_2' title='bbox 94 850 174 920; x_wconf 92' lang='lat' dir='ltr'><strong>telis</strong></span> <span class='ocrx_word' id='word_1_3' title='bbox 186 871 396 920; x_wconf 88' lang='lat' dir='ltr'><strong>aranearum</strong></span> <span class='ocrx_word' id='word_1_4' title='bbox 410 849 555 918; x_wconf 88' lang='lat' dir='ltr'><strong>obsitas.</strong></span> <span class='ocrx_word' id='word_1_5' title='bbox 568 851 681 930; x_wconf 83' lang='lat' dir='ltr'>Quare</span> <span class='ocrx_word' id='word_1_6' title='bbox 695 844 879 916; x_wconf 89' lang='lat' dir='ltr'><strong>ecclesiam</strong></span> <span class='ocrx_word' id='word_1_7' title='bbox 889 846 1065 926; x_wconf 90' lang='lat' dir='ltr'><strong>mundari,</strong></span> 
     </span>
    </p>

    <p class='ocr_par' dir='ltr' id='par_1_3' title="bbox 93 960 1069 1055">
     <span class='ocr_line' id='line_1_3' title="bbox 93 960 1069 1055; baseline 0.001 -26"><span class='ocrx_word' id='word_1_8' title='bbox 93 962 266 1054; x_wconf 83' lang='lat' dir='ltr'>imagines</span> <span class='ocrx_word' id='word_1_9' title='bbox 288 962 436 1054; x_wconf 86' lang='lat' dir='ltr'>deponi,</span> <span class='ocrx_word' id='word_1_10' title='bbox 462 962 638 1055; x_wconf 78' lang='lat' dir='ltr'><strong>abstergi,</strong></span> <span class='ocrx_word' id='word_1_11' title='bbox 667 961 781 1046; x_wconf 92' lang='lat' dir='ltr'><strong>ablui,</strong></span> <span class='ocrx_word' id='word_1_12' title='bbox 804 960 952 1031; x_wconf 84' lang='lat' dir='ltr'><strong>curavit.</strong></span> <span class='ocrx_word' id='word_1_13' title='bbox 981 960 1069 1030; x_wconf 89' lang='lat' dir='ltr'><strong>Hinc</strong></span> 
     </span>
    </p>

    <p class='ocr_par' dir='ltr' id='par_1_4' title="bbox 93 1071 1068 1168">
     <span class='ocr_line' id='line_1_4' title="bbox 93 1071 1068 1168; baseline -0.003 -25"><span class='ocrx_word' id='word_1_14' title='bbox 93 1083 323 1168; x_wconf 84' lang='lat' dir='ltr'><strong>pervagatum</strong></span> <span class='ocrx_word' id='word_1_15' title='bbox 345 1080 400 1143; x_wconf 92' lang='lat' dir='ltr'><strong>est</strong></span> <span class='ocrx_word' id='word_1_16' title='bbox 422 1074 607 1154; x_wconf 88' lang='lat' dir='ltr'><strong>continue,</strong></span> <span class='ocrx_word' id='word_1_17' title='bbox 637 1071 940 1164; x_wconf 88' lang='lat' dir='ltr'><strong>archiepiscopum</strong></span> <span class='ocrx_word' id='word_1_18' title='bbox 970 1092 1068 1140; x_wconf 92' lang='lat' dir='ltr'><strong>more</strong></span> 
     </span>
    </p>

    <p class='ocr_par' dir='ltr' id='par_1_5' title="bbox 93 1185 1339 1508">
     <span class='ocr_line' id='line_1_5' title="bbox 94 1185 1339 1278; baseline -0.002 -21"><span class='ocrx_word' id='word_1_19' title='bbox 94 1189 203 1258; x_wconf 91' lang='lat' dir='ltr'><strong>latino</strong></span> <span class='ocrx_word' id='word_1_20' title='bbox 228 1188 338 1259; x_wconf 89' lang='lat' dir='ltr'><strong>altare</strong></span> <span class='ocrx_word' id='word_1_21' title='bbox 364 1189 561 1259; x_wconf 80' lang='lat' dir='ltr'>denudasse</span> <span class='ocrx_word' id='word_1_22' title='bbox 576 1211 584 1270; x_wconf 96' lang='lat'>;</span> <span class='ocrx_word' id='word_1_23' title='bbox 608 1194 644 1258; x_wconf 87' lang='lat' dir='ltr'><strong>et</strong></span> <span class='ocrx_word' id='word_1_24' title='bbox 669 1209 762 1267; x_wconf 86' lang='lat' dir='ltr'><strong>mox,</strong></span> <span class='ocrx_word' id='word_1_25' title='bbox 793 1186 960 1278; x_wconf 89' lang='lat' dir='ltr'><strong>abrogato</strong></span> <span class='ocrx_word' id='word_1_26' title='bbox 997 1185 1068 1254; x_wconf 91' lang='lat' dir='ltr'><strong>ritu</strong></span> <span class='ocrx_word' id='word_1_27' title='bbox 1096 1220 1280 1265; x_wconf 51' lang='lat' dir='ltr'><strong>&amp;emm</strong></span> <span class='ocrx_word' id='word_1_28' title='bbox 1298 1234 1339 1264; x_wconf 57' lang='lat' dir='ltr'><strong>w.</strong></span> 
     </span>
     <span class='ocr_line' id='line_1_6' title="bbox 93 1297 1239 1392; baseline -0.004 -22"><span class='ocrx_word' id='word_1_29' title='bbox 93 1323 221 1392; x_wconf 85' lang='lat' dir='ltr'><strong>graec0‚</strong></span> <span class='ocrx_word' id='word_1_30' title='bbox 239 1301 387 1370; x_wconf 88' lang='lat' dir='ltr'><strong>latinum</strong></span> <span class='ocrx_word' id='word_1_31' title='bbox 405 1301 703 1370; x_wconf 93' lang='lat' dir='ltr'><strong>introducturum.</strong></span> <span class='ocrx_word' id='word_1_32' title='bbox 725 1300 951 1391; x_wconf 85' lang='lat' dir='ltr'><strong>Crediditque</strong></span> <span class='ocrx_word' id='word_1_33' title='bbox 978 1297 1069 1366; x_wconf 87' lang='lat' dir='ltr'><strong>male</strong></span> <span class='ocrx_word' id='word_1_34' title='bbox 1195 1297 1239 1327; x_wconf 81' lang='lat'><strong>⁰⁰⁸·</strong></span> 
     </span>
     <span class='ocr_line' id='line_1_7' title="bbox 94 1411 1069 1508; baseline -0.002 -26"><span class='ocrx_word' id='word_1_35' title='bbox 94 1436 177 1488; x_wconf 89' lang='lat' dir='ltr'><strong>sana</strong></span> <span class='ocrx_word' id='word_1_36' title='bbox 207 1414 331 1508; x_wconf 86' lang='lat' dir='ltr'><strong>plebs,</strong></span> <span class='ocrx_word' id='word_1_37' title='bbox 362 1414 587 1505; x_wconf 92' lang='lat' dir='ltr'><strong>potissimum</strong></span> <span class='ocrx_word' id='word_1_38' title='bbox 615 1415 708 1506; x_wconf 92' lang='lat' dir='ltr'><strong>quod</strong></span> <span class='ocrx_word' id='word_1_39' title='bbox 735 1413 907 1505; x_wconf 84' lang='lat' dir='ltr'><strong>imagines</strong></span> <span class='ocrx_word' id='word_1_40' title='bbox 933 1411 1069 1481; x_wconf 89' lang='lat' dir='ltr'><strong>ablatas</strong></span> 
     </span>
    </p>

    <p class='ocr_par' dir='ltr' id='par_1_6' title="bbox 93 1525 1070 1618">
     <span class='ocr_line' id='line_1_8' title="bbox 93 1525 1070 1618; baseline -0.003 -23"><span class='ocrx_word' id='word_1_41' title='bbox 93 1527 253 1598; x_wconf 89' lang='lat' dir='ltr'><strong>vidisset.</strong></span> <span class='ocrx_word' id='word_1_42' title='bbox 277 1527 344 1598; x_wconf 86' lang='lat' dir='ltr'><strong>Sed</strong></span> <span class='ocrx_word' id='word_1_43' title='bbox 365 1529 574 1597; x_wconf 85' lang='lat' dir='ltr'><strong>frementem</strong></span> <span class='ocrx_word' id='word_1_44' title='bbox 595 1533 632 1596; x_wconf 89' lang='lat' dir='ltr'><strong>et</strong></span> <span class='ocrx_word' id='word_1_45' title='bbox 649 1525 746 1595; x_wconf 87' lang='lat' dir='ltr'><strong>varia</strong></span> <span class='ocrx_word' id='word_1_46' title='bbox 758 1525 952 1618; x_wconf 90' lang='lat' dir='ltr'><strong>jactantem</strong></span> <span class='ocrx_word' id='word_1_47' title='bbox 967 1529 1070 1593; x_wconf 78' lang='lat' dir='ltr'><strong>rosa-</strong></span> 
     </span>
    </p>

    <p class='ocr_par' dir='ltr' id='par_1_7' title="bbox 94 1636 1071 1731">
     <span class='ocr_line' id='line_1_9' title="bbox 94 1636 1071 1731; baseline -0.002 -25"><span class='ocrx_word' id='word_1_48' title='bbox 94 1639 180 1730; x_wconf 88' lang='lat' dir='ltr'><strong>pbat</strong></span> <span class='ocrx_word' id='word_1_49' title='bbox 194 1639 415 1731; x_wconf 76' lang='lat' dir='ltr'><strong>compescuit</strong></span> <span class='ocrx_word' id='word_1_50' title='bbox 432 1662 440 1707; x_wconf 76' lang='grc' dir='ltr'>ε</span> <span class='ocrx_word' id='word_1_51' title='bbox 457 1660 550 1718; x_wconf 91' lang='lat' dir='ltr'><strong>cum,</strong></span> <span class='ocrx_word' id='word_1_52' title='bbox 568 1636 716 1708; x_wconf 89' lang='lat' dir='ltr'><strong>ecclesia</strong></span> <span class='ocrx_word' id='word_1_53' title='bbox 728 1645 918 1730; x_wconf 86' lang='lat' dir='ltr'><strong>repurgata</strong></span> <span class='ocrx_word' id='word_1_54' title='bbox 932 1641 1071 1704; x_wconf 89' lang='lat' dir='ltr'><strong>ornata·</strong></span> 
     </span>
    </p>

    <p class='ocr_par' dir='ltr' id='par_1_8' title="bbox 92 1747 849 1841">
     <span class='ocr_line' id='line_1_10' title="bbox 92 1747 849 1841; baseline -0.003 -23"><span class='ocrx_word' id='word_1_55' title='bbox 92 1771 182 1841; x_wconf 89' lang='lat' dir='ltr'><strong>que,</strong></span> <span class='ocrx_word' id='word_1_56' title='bbox 198 1749 371 1841; x_wconf 84' lang='lat' dir='ltr'><strong>imagines</strong></span> <span class='ocrx_word' id='word_1_57' title='bbox 383 1749 598 1818; x_wconf 87' lang='lat' dir='ltr'><strong>restituisset</strong></span> <span class='ocrx_word' id='word_1_58' title='bbox 615 1747 849 1841; x_wconf 82' lang='lat' dir='ltr'><strong>pulchriores.</strong></span> 
     </span>
    </p>

    <p class='ocr_par' dir='ltr' id='par_1_9' title="bbox 93 1857 1341 2951">
     <span class='ocr_line' id='line_1_11' title="bbox 137 1857 1341 1953; baseline -0.006 -21"><span class='ocrx_word' id='word_1_59' title='bbox 137 1861 321 1952; x_wconf 87' lang='lat' dir='ltr'><strong>Virginum</strong></span> <span class='ocrx_word' id='word_1_60' title='bbox 351 1861 603 1930; x_wconf 90' lang='lat' dir='ltr'><strong>monasterium</strong></span> <span class='ocrx_word' id='word_1_61' title='bbox 624 1860 771 1930; x_wconf 85' lang='lat' dir='ltr'><strong>Polociae</strong></span> <span class='ocrx_word' id='word_1_62' title='bbox 802 1857 1070 1953; x_wconf 89' lang='lat' dir='ltr'><strong>pauperrimum</strong></span> <span class='ocrx_word' id='word_1_63' title='bbox 1098 1874 1207 1948; x_wconf 57' lang='lat' dir='ltr'><strong>urenae</strong></span> <span class='ocrx_word' id='word_1_64' title='bbox 1234 1879 1341 1918; x_wconf 59' lang='lat' dir='ltr'><strong>monuo</strong></span> 
     </span>
     <span class='ocr_line' id='line_1_12' title="bbox 94 1941 1306 2063; baseline -0.002 -24"><span class='ocrx_word' id='word_1_65' title='bbox 94 1971 249 2063; x_wconf 89' lang='lat' dir='ltr'><strong>propriis</strong></span> <span class='ocrx_word' id='word_1_66' title='bbox 268 1971 415 2062; x_wconf 85' lang='lat' dir='ltr'><strong>adjectis</strong></span> <span class='ocrx_word' id='word_1_67' title='bbox 429 1971 632 2042; x_wconf 87' lang='lat' dir='ltr'><strong>reformavit</strong></span> <span class='ocrx_word' id='word_1_68' title='bbox 647 1978 683 2040; x_wconf 89' lang='lat' dir='ltr'><strong>et</strong></span> <span class='ocrx_word' id='word_1_69' title='bbox 700 1971 835 2040; x_wconf 87' lang='lat' dir='ltr'><strong>dotavit</strong></span> <span class='ocrx_word' id='word_1_70' title='bbox 853 1968 1067 2061; x_wconf 87' lang='lat' dir='ltr'><strong>sumptibus.</strong></span> <span class='ocrx_word' id='word_1_71' title='bbox 1133 1949 1187 1980; x_wconf 61' lang='grc' dir='ltr'><strong>Μ</strong></span> <span class='ocrx_word' id='word_1_72' title='bbox 1195 1941 1306 1982; x_wconf 59' lang='lat' dir='ltr'>&#39;&#39;m‘&#39;</span> 
     </span>
     <span class='ocr_line' id='line_1_13' title="bbox 93 2081 1066 2176; baseline -0.001 -26"><span class='ocrx_word' id='word_1_73' title='bbox 93 2081 194 2150; x_wconf 89' lang='lat' dir='ltr'><strong>Vitna</strong></span> <span class='ocrx_word' id='word_1_74' title='bbox 210 2104 353 2175; x_wconf 92' lang='lat' dir='ltr'><strong>quoque</strong></span> <span class='ocrx_word' id='word_1_75' title='bbox 370 2105 390 2150; x_wconf 93' lang='lat' dir='ltr'><strong>a</strong></span> <span class='ocrx_word' id='word_1_76' title='bbox 405 2082 574 2175; x_wconf 88' lang='lat' dir='ltr'><strong>religione</strong></span> <span class='ocrx_word' id='word_1_77' title='bbox 590 2089 626 2153; x_wconf 86' lang='lat' dir='ltr'><strong>et</strong></span> <span class='ocrx_word' id='word_1_78' title='bbox 638 2083 770 2176; x_wconf 84' lang='lat' dir='ltr'><strong>pietate</strong></span> <span class='ocrx_word' id='word_1_79' title='bbox 785 2082 1066 2161; x_wconf 91' lang='lat' dir='ltr'><strong>commendatas,</strong></span> 
     </span>
     <span class='ocr_line' id='line_1_14' title="bbox 94 2192 1070 2286; baseline 0.004 -28"><span class='ocrx_word' id='word_1_80' title='bbox 94 2192 136 2260; x_wconf 90' lang='lat' dir='ltr'><strong>ad</strong></span> <span class='ocrx_word' id='word_1_81' title='bbox 160 2214 285 2261; x_wconf 90' lang='lat' dir='ltr'><strong>earum</strong></span> <span class='ocrx_word' id='word_1_82' title='bbox 308 2192 586 2274; x_wconf 87' lang='lat' dir='ltr'><strong>institutionem,</strong></span> <span class='ocrx_word' id='word_1_83' title='bbox 613 2193 760 2262; x_wconf 86' lang='lat' dir='ltr'><strong>adduxit</strong></span> <span class='ocrx_word' id='word_1_84' title='bbox 790 2193 956 2286; x_wconf 89' lang='lat' dir='ltr'><strong>virgines.</strong></span> <span class='ocrx_word' id='word_1_85' title='bbox 991 2198 1070 2286; x_wconf 88' lang='lat' dir='ltr'><strong>lpse</strong></span> 
     </span>
     <span class='ocr_line' id='line_1_15' title="bbox 94 2304 1070 2399; baseline 0.005 -28"><span class='ocrx_word' id='word_1_86' title='bbox 94 2304 299 2396; x_wconf 83' lang='lat' dir='ltr'><strong>praecipuus</strong></span> <span class='ocrx_word' id='word_1_87' title='bbox 321 2306 508 2397; x_wconf 84' lang='lat' dir='ltr'><strong>magister,</strong></span> <span class='ocrx_word' id='word_1_88' title='bbox 534 2306 577 2374; x_wconf 93' lang='lat' dir='ltr'><strong>ad</strong></span> <span class='ocrx_word' id='word_1_89' title='bbox 592 2328 696 2378; x_wconf 93' lang='lat' dir='ltr'><strong>omne</strong></span> <span class='ocrx_word' id='word_1_90' title='bbox 718 2328 829 2398; x_wconf 91' lang='lat' dir='ltr'><strong>genus</strong></span> <span class='ocrx_word' id='word_1_91' title='bbox 848 2306 992 2399; x_wconf 87' lang='lat' dir='ltr'><strong>pietatis</strong></span> <span class='ocrx_word' id='word_1_92' title='bbox 1011 2329 1070 2378; x_wconf 90' lang='lat' dir='ltr'><strong>eas</strong></span> 
     </span>
     <span class='ocr_line' id='line_1_16' title="bbox 94 2413 1071 2510; baseline 0.004 -28"><span class='ocrx_word' id='word_1_93' title='bbox 94 2413 275 2484; x_wconf 86' lang='lat' dir='ltr'><strong>exercuit:</strong></span> <span class='ocrx_word' id='word_1_94' title='bbox 291 2415 392 2506; x_wconf 90' lang='lat' dir='ltr'><strong>cujus</strong></span> <span class='ocrx_word' id='word_1_95' title='bbox 408 2417 515 2486; x_wconf 87' lang='lat' dir='ltr'><strong>odore</strong></span> <span class='ocrx_word' id='word_1_96' title='bbox 528 2417 571 2487; x_wconf 93' lang='lat' dir='ltr'><strong>ad</strong></span> <span class='ocrx_word' id='word_1_97' title='bbox 584 2417 769 2488; x_wconf 80' lang='lat' dir='ltr'><strong>duodecim</strong></span> <span class='ocrx_word' id='word_1_98' title='bbox 785 2417 928 2510; x_wconf 89' lang='lat' dir='ltr'><strong>primas,</strong></span> <span class='ocrx_word' id='word_1_99' title='bbox 948 2439 1071 2488; x_wconf 86' lang='lat' dir='ltr'><strong>sexen-</strong></span> 
     </span>
     <span class='ocr_line' id='line_1_17' title="bbox 94 2524 1066 2621; baseline 0.007 -30"><span class='ocrx_word' id='word_1_100' title='bbox 94 2524 151 2594; x_wconf 93' lang='lat' dir='ltr'><strong>nio</strong></span> <span class='ocrx_word' id='word_1_101' title='bbox 178 2526 259 2618; x_wconf 86' lang='lat' dir='ltr'><strong>ejus</strong></span> <span class='ocrx_word' id='word_1_102' title='bbox 292 2533 495 2618; x_wconf 85' lang='lat' dir='ltr'><strong>pastoratus</strong></span> <span class='ocrx_word' id='word_1_103' title='bbox 533 2528 656 2621; x_wconf 88' lang='lat' dir='ltr'><strong>viginti</strong></span> <span class='ocrx_word' id='word_1_104' title='bbox 683 2534 776 2606; x_wconf 86' lang='lat' dir='ltr'><strong>tres,</strong></span> <span class='ocrx_word' id='word_1_105' title='bbox 815 2529 1066 2610; x_wconf 86' lang='lat' dir='ltr'><strong>enobilitate,</strong></span> 
     </span>
     <span class='ocr_line' id='line_1_18' title="bbox 93 2635 1070 2731; baseline 0.005 -29"><span class='ocrx_word' id='word_1_106' title='bbox 93 2635 241 2706; x_wconf 83' lang='lat' dir='ltr'><strong>adlectae</strong></span> <span class='ocrx_word' id='word_1_107' title='bbox 256 2635 420 2728; x_wconf 87' lang='lat' dir='ltr'><strong>virgines.</strong></span> <span class='ocrx_word' id='word_1_108' title='bbox 444 2639 527 2708; x_wconf 90' lang='lat' dir='ltr'><strong>Post</strong></span> <span class='ocrx_word' id='word_1_109' title='bbox 545 2640 711 2710; x_wconf 83' lang='lat' dir='ltr'><strong>tutavero</strong></span> <span class='ocrx_word' id='word_1_110' title='bbox 729 2638 832 2731; x_wconf 91' lang='lat' dir='ltr'><strong>longe</strong></span> <span class='ocrx_word' id='word_1_111' title='bbox 854 2639 1070 2709; x_wconf 91' lang='lat' dir='ltr'><strong>numerosio-</strong></span> 
     </span>
     <span class='ocr_line' id='line_1_19' title="bbox 94 2748 1069 2842; baseline 0.005 -28"><span class='ocrx_word' id='word_1_112' title='bbox 94 2768 171 2827; x_wconf 91' lang='lat' dir='ltr'><strong>res,</strong></span> <span class='ocrx_word' id='word_1_113' title='bbox 191 2754 234 2818; x_wconf 94' lang='lat' dir='ltr'><strong>ut</strong></span> <span class='ocrx_word' id='word_1_114' title='bbox 250 2748 369 2819; x_wconf 89' lang='lat' dir='ltr'><strong>vivum</strong></span> <span class='ocrx_word' id='word_1_115' title='bbox 388 2755 586 2840; x_wconf 80' lang='lat' dir='ltr'><strong>pastorem,</strong></span> <span class='ocrx_word' id='word_1_116' title='bbox 611 2751 662 2820; x_wconf 92' lang='lat' dir='ltr'><strong>sic</strong></span> <span class='ocrx_word' id='word_1_117' title='bbox 677 2750 749 2819; x_wconf 82' lang='lat' dir='ltr'><strong>vita</strong></span> <span class='ocrx_word' id='word_1_118' title='bbox 764 2751 924 2820; x_wconf 86' lang='lat' dir='ltr'><strong>functum</strong></span> <span class='ocrx_word' id='word_1_119' title='bbox 943 2756 1069 2842; x_wconf 89' lang='lat' dir='ltr'><strong>patro-</strong></span> 
     </span>
     <span class='ocr_line' id='line_1_20' title="bbox 94 2861 425 2951; baseline 0.006 -24"><span class='ocrx_word' id='word_1_120' title='bbox 94 2880 177 2929; x_wconf 92' lang='lat' dir='ltr'><strong>num</strong></span> <span class='ocrx_word' id='word_1_121' title='bbox 191 2913 201 2941; x_wconf 94' lang='lat'><strong>,</strong></span> <span class='ocrx_word' id='word_1_122' title='bbox 217 2861 425 2951; x_wconf 81' lang='lat' dir='ltr'><strong>probavere.</strong></span> 
     </span>
    </p>

    <p class='ocr_par' dir='ltr' id='par_1_10' title="bbox 93 2976 1341 4186">
     <span class='ocr_line' id='line_1_21' title="bbox 136 2976 1341 3072; baseline 0.003 -29"><span class='ocrx_word' id='word_1_123' title='bbox 136 2980 249 3046; x_wconf 87' lang='lat' dir='ltr'><strong>Hasce</strong></span> <span class='ocrx_word' id='word_1_124' title='bbox 269 2976 363 3046; x_wconf 92' lang='lat' dir='ltr'><strong>inter</strong></span> <span class='ocrx_word' id='word_1_125' title='bbox 379 2978 526 3048; x_wconf 86' lang='lat' dir='ltr'><strong>sudores</strong></span> <span class='ocrx_word' id='word_1_126' title='bbox 547 3001 611 3070; x_wconf 92' lang='lat' dir='ltr'><strong>pro</strong></span> <span class='ocrx_word' id='word_1_127' title='bbox 639 2979 694 3050; x_wconf 91' lang='lat' dir='ltr'><strong>sui</strong></span> <span class='ocrx_word' id='word_1_128' title='bbox 717 2979 946 3072; x_wconf 88' lang='lat' dir='ltr'><strong>ecclesiaeque</strong></span> <span class='ocrx_word' id='word_1_129' title='bbox 974 2979 1067 3049; x_wconf 94' lang='lat' dir='ltr'><strong>bono</strong></span> <span class='ocrx_word' id='word_1_130' title='bbox 1096 2996 1229 3072; x_wconf 58' lang='lat' dir='ltr'><strong>nuqua</strong></span> <span class='ocrx_word' id='word_1_131' title='bbox 1254 3008 1341 3069; x_wconf 59' lang='lat' dir='ltr'><strong>coppe</strong></span> 
     </span>
     <span class='ocr_line' id='line_1_22' title="bbox 94 3059 1324 3184; baseline 0.007 -31"><span class='ocrx_word' id='word_1_132' title='bbox 94 3085 247 3166; x_wconf 84' lang='lat' dir='ltr'><strong>effusos,</strong></span> <span class='ocrx_word' id='word_1_133' title='bbox 262 3087 461 3158; x_wconf 91' lang='lat' dir='ltr'><strong>animarum</strong></span> <span class='ocrx_word' id='word_1_134' title='bbox 475 3089 536 3160; x_wconf 87' lang='lat' dir='ltr'><strong>ilie</strong></span> <span class='ocrx_word' id='word_1_135' title='bbox 551 3090 657 3160; x_wconf 91' lang='lat' dir='ltr'><strong>saluti</strong></span> <span class='ocrx_word' id='word_1_136' title='bbox 672 3113 778 3184; x_wconf 90' lang='lat' dir='ltr'><strong>quam</strong></span> <span class='ocrx_word' id='word_1_137' title='bbox 794 3091 947 3162; x_wconf 87' lang='lat' dir='ltr'><strong>maxime</strong></span> <span class='ocrx_word' id='word_1_138' title='bbox 962 3091 1070 3161; x_wconf 86' lang='lat' dir='ltr'><strong>ineu·</strong></span> <span class='ocrx_word' id='word_1_139' title='bbox 1109 3059 1324 3104; x_wconf 53' lang='lat' dir='ltr'><strong>mwm</strong></span> 
     </span>
     <span class='ocr_line' id='line_1_23' title="bbox 95 3195 1069 3293; baseline 0.009 -29"><span class='ocrx_word' id='word_1_140' title='bbox 95 3195 197 3280; x_wconf 92' lang='lat' dir='ltr'><strong>buit;</strong></span> <span class='ocrx_word' id='word_1_141' title='bbox 224 3204 262 3266; x_wconf 93' lang='lat' dir='ltr'><strong>ut</strong></span> <span class='ocrx_word' id='word_1_142' title='bbox 281 3198 363 3289; x_wconf 87' lang='lat' dir='ltr'><strong>jure</strong></span> <span class='ocrx_word' id='word_1_143' title='bbox 382 3200 509 3269; x_wconf 87' lang='lat' dir='ltr'><strong>merito</strong></span> <span class='ocrx_word' id='word_1_144' title='bbox 529 3201 618 3270; x_wconf 89' lang='lat' dir='ltr'><strong>tanti</strong></span> <span class='ocrx_word' id='word_1_145' title='bbox 640 3201 812 3293; x_wconf 78' lang='lat' dir='ltr'><strong>pastoria,</strong></span> <span class='ocrx_word' id='word_1_146' title='bbox 836 3225 917 3273; x_wconf 88' lang='lat' dir='ltr'><strong>eum</strong></span> <span class='ocrx_word' id='word_1_147' title='bbox 937 3203 1069 3273; x_wconf 87' lang='lat' dir='ltr'><strong>bonore</strong></span> 
     </span>
     <span class='ocr_line' id='line_1_24' title="bbox 94 3307 1071 3402; baseline 0.007 -28"><span class='ocrx_word' id='word_1_148' title='bbox 94 3307 260 3398; x_wconf 86' lang='lat' dir='ltr'><strong>majestas</strong></span> <span class='ocrx_word' id='word_1_149' title='bbox 272 3309 391 3379; x_wconf 85' lang='lat' dir='ltr'><strong>divina</strong></span> <span class='ocrx_word' id='word_1_150' title='bbox 403 3309 634 3402; x_wconf 86' lang='lat' dir='ltr'><strong>insigniverit.</strong></span> <span class='ocrx_word' id='word_1_151' title='bbox 652 3312 1071 3384; x_wconf 84' lang='lat' dir='ltr'><strong>Schismaticosetbaere-</strong></span> 
     </span>
     <span class='ocr_line' id='line_1_25' title="bbox 94 3416 1070 3516; baseline 0.006 -30"><span class='ocrx_word' id='word_1_152' title='bbox 94 3416 198 3501; x_wconf 89' lang='lat' dir='ltr'><strong>ticos,</strong></span> <span class='ocrx_word' id='word_1_153' title='bbox 220 3420 437 3515; x_wconf 75' lang='lat' dir='ltr'><strong>ubicumque</strong></span> <span class='ocrx_word' id='word_1_154' title='bbox 453 3429 489 3492; x_wconf 90' lang='lat' dir='ltr'><strong>et</strong></span> <span class='ocrx_word' id='word_1_155' title='bbox 499 3444 723 3516; x_wconf 86' lang='lat' dir='ltr'><strong>quacumque</strong></span> <span class='ocrx_word' id='word_1_156' title='bbox 738 3423 873 3493; x_wconf 88' lang='lat' dir='ltr'><strong>ratione</strong></span> <span class='ocrx_word' id='word_1_157' title='bbox 889 3423 1013 3492; x_wconf 89' lang='lat' dir='ltr'><strong>debuit</strong></span> <span class='ocrx_word' id='word_1_158' title='bbox 1034 3429 1070 3492; x_wconf 88' lang='lat' dir='ltr'><strong>et</strong></span> 
     </span>
     <span class='ocr_line' id='line_1_26' title="bbox 93 3532 1070 3627; baseline 0.004 -28"><span class='ocrx_word' id='word_1_159' title='bbox 93 3532 222 3620; x_wconf 92' lang='lat' dir='ltr'><strong>potuit,</strong></span> <span class='ocrx_word' id='word_1_160' title='bbox 240 3533 283 3601; x_wconf 91' lang='lat' dir='ltr'><strong>ad</strong></span> <span class='ocrx_word' id='word_1_161' title='bbox 302 3533 475 3624; x_wconf 86' lang='lat' dir='ltr'><strong>gremium</strong></span> <span class='ocrx_word' id='word_1_162' title='bbox 495 3539 532 3604; x_wconf 89' lang='lat' dir='ltr'><strong>et</strong></span> <span class='ocrx_word' id='word_1_163' title='bbox 544 3533 755 3627; x_wconf 88' lang='lat' dir='ltr'><strong>obsequium</strong></span> <span class='ocrx_word' id='word_1_164' title='bbox 774 3537 808 3602; x_wconf 90' lang='lat' dir='ltr'><strong>S.</strong></span> <span class='ocrx_word' id='word_1_165' title='bbox 831 3538 995 3604; x_wconf 85' lang='lat' dir='ltr'><strong>Romanae</strong></span> <span class='ocrx_word' id='word_1_166' title='bbox 1009 3537 1070 3603; x_wconf 84' lang='lat' dir='ltr'><strong>Ec-</strong></span> 
     </span>
     <span class='ocr_line' id='line_1_27' title="bbox 94 3643 1071 3738; baseline 0.004 -28"><span class='ocrx_word' id='word_1_167' title='bbox 94 3643 211 3713; x_wconf 82' lang='lat' dir='ltr'><strong>ctesiae</strong></span> <span class='ocrx_word' id='word_1_168' title='bbox 222 3644 424 3714; x_wconf 87' lang='lat' dir='ltr'><strong>inducebat.</strong></span> <span class='ocrx_word' id='word_1_169' title='bbox 435 3649 522 3714; x_wconf 83' lang='lat' dir='ltr'><strong>Cum</strong></span> <span class='ocrx_word' id='word_1_170' title='bbox 532 3646 602 3714; x_wconf 90' lang='lat' dir='ltr'><strong>illis</strong></span> <span class='ocrx_word' id='word_1_171' title='bbox 613 3645 644 3715; x_wconf 91' lang='lat' dir='ltr'><strong>ei</strong></span> <span class='ocrx_word' id='word_1_172' title='bbox 659 3646 892 3738; x_wconf 83' lang='lat' dir='ltr'><strong>perfrequens</strong></span> <span class='ocrx_word' id='word_1_173' title='bbox 907 3651 1071 3738; x_wconf 89' lang='lat' dir='ltr'><strong>suscepta</strong></span> 
     </span>
     <span class='ocr_line' id='line_1_28' title="bbox 94 3757 1069 3829; baseline 0.007 -7"><span class='ocrx_word' id='word_1_174' title='bbox 94 3757 313 3826; x_wconf 86' lang='lat' dir='ltr'><strong>conversatio</strong></span> <span class='ocrx_word' id='word_1_175' title='bbox 329 3780 336 3825; x_wconf 94' lang='lat'><strong>:</strong></span> <span class='ocrx_word' id='word_1_176' title='bbox 354 3758 447 3828; x_wconf 88' lang='lat' dir='ltr'><strong>inter</strong></span> <span class='ocrx_word' id='word_1_177' title='bbox 473 3758 552 3828; x_wconf 88' lang='lat' dir='ltr'><strong>illos</strong></span> <span class='ocrx_word' id='word_1_178' title='bbox 567 3758 792 3829; x_wconf 84' lang='lat' dir='ltr'><strong>creberrimae</strong></span> <span class='ocrx_word' id='word_1_179' title='bbox 819 3766 906 3829; x_wconf 81' lang='lat' dir='ltr'><strong>actae</strong></span> <span class='ocrx_word' id='word_1_180' title='bbox 931 3761 974 3829; x_wconf 88' lang='lat' dir='ltr'><strong>de</strong></span> <span class='ocrx_word' id='word_1_181' title='bbox 1000 3759 1069 3829; x_wconf 87' lang='lat' dir='ltr'><strong>fide</strong></span> 
     </span>
     <span class='ocr_line' id='line_1_29' title="bbox 94 3869 1069 3963; baseline 0.002 -25"><span class='ocrx_word' id='word_1_182' title='bbox 94 3869 395 3940; x_wconf 89' lang='lat' dir='ltr'><strong>concertationes:</strong></span> <span class='ocrx_word' id='word_1_183' title='bbox 413 3870 618 3963; x_wconf 90' lang='lat' dir='ltr'><strong>adillosprc</strong></span> <span class='ocrx_word' id='word_1_184' title='bbox 630 3871 754 3940; x_wconf 90' lang='lat' dir='ltr'><strong>rostris</strong></span> <span class='ocrx_word' id='word_1_185' title='bbox 775 3869 885 3940; x_wconf 90' lang='lat' dir='ltr'><strong>sacris</strong></span> <span class='ocrx_word' id='word_1_186' title='bbox 905 3872 1069 3942; x_wconf 88' lang='lat' dir='ltr'><strong>ardentes</strong></span> 
     </span>
     <span class='ocr_line' id='line_1_30' title="bbox 96 3981 1069 4074; baseline 0.002 -26"><span class='ocrx_word' id='word_1_187' title='bbox 96 3983 242 4070; x_wconf 83' lang='lat' dir='ltr'><strong>prolatae</strong></span> <span class='ocrx_word' id='word_1_188' title='bbox 266 3981 487 4052; x_wconf 87' lang='lat' dir='ltr'><strong>conciones:</strong></span> <span class='ocrx_word' id='word_1_189' title='bbox 533 4003 598 4073; x_wconf 94' lang='lat' dir='ltr'><strong>pro</strong></span> <span class='ocrx_word' id='word_1_190' title='bbox 633 3981 704 4050; x_wconf 91' lang='lat' dir='ltr'><strong>illis</strong></span> <span class='ocrx_word' id='word_1_191' title='bbox 735 3981 902 4050; x_wconf 88' lang='lat' dir='ltr'><strong>continua</strong></span> <span class='ocrx_word' id='word_1_192' title='bbox 932 3982 1069 4074; x_wconf 89' lang='lat' dir='ltr'><strong>jejunia</strong></span> 
     </span>
     <span class='ocr_line' id='line_1_31' title="bbox 96 4091 1067 4186; baseline 0.002 -26"><span class='ocrx_word' id='word_1_193' title='bbox 96 4091 215 4184; x_wconf 87' lang='lat' dir='ltr'><strong>flagra,</strong></span> <span class='ocrx_word' id='word_1_194' title='bbox 227 4091 353 4172; x_wconf 87' lang='lat' dir='ltr'><strong>cilicia,</strong></span> <span class='ocrx_word' id='word_1_195' title='bbox 368 4098 513 4174; x_wconf 85' lang='lat' dir='ltr'><strong>catenae,</strong></span> <span class='ocrx_word' id='word_1_196' title='bbox 528 4114 662 4185; x_wconf 87' lang='lat' dir='ltr'><strong>preces,</strong></span> <span class='ocrx_word' id='word_1_197' title='bbox 674 4093 902 4164; x_wconf 89' lang='lat' dir='ltr'><strong>sacraohlata</strong></span> <span class='ocrx_word' id='word_1_198' title='bbox 916 4093 984 4162; x_wconf 87' lang='lat' dir='ltr'><strong>:iili</strong></span> <span class='ocrx_word' id='word_1_199' title='bbox 1000 4093 1067 4186; x_wconf 90' lang='lat' dir='ltr'><strong>ipsi</strong></span> 
     </span>
    </p>
   </div>
   <div class='ocr_carea' id='block_1_3' title="bbox 0 0 1635 5484">
    <p class='ocr_par' dir='ltr' id='par_1_11' title="bbox 0 0 1635 5484">
     <span class='ocr_line' id='line_1_32' title="bbox 0 0 1635 5484; baseline 0 0"><span class='ocrx_word' id='word_1_200' title='bbox 0 0 1635 5484; x_wconf 95' lang='lat' dir='ltr'><strong> </strong></span> 
     </span>
    </p>
   </div>
  </div>
 </body>
</html>
