3259 5484
949 624 1149 704 ..180-

597 786 623 849 t
640 786 812 849 lethalibus
831 788 1017 851 vulneribus
1036 789 1141 853 statim
1161 789 1199 853 ad
1215 790 1381 853 sanitatem
1395 796 1534 875 receptos

557 904 590 951 ac
604 886 719 961 inisse,
735 888 817 951 votis
843 888 883 953 ad
907 890 1059 975 iosaphat
1082 890 1335 954 intercessionem
1358 892 1533 973 concepus,

557 997 702 1055 esserunt
715 994 863 1053 testes-18
881 998 912 1053 at
933 994 982 1056 38.
1006 991 1114 1066 Qualis
1134 991 1257 1055 sanatio
1280 989 1320 1055 ad
1346 991 1534 1056 miraculum

556 1090 655 1153 relata
671 1089 731 1153 tuit
744 1091 776 1153 in
792 1091 948 1155 Relatione
967 1092 1002 1157 S.
1020 1094 1187 1165 Fronciscce
1205 1093 1360 1159 Romane.
1376 1094 1533 1155 131133·-

556 1193 660 1255 raculo
676 1200 743 1275 post
755 1202 896 1271 mortem,
919 1203 949 1259 et
968 1194 1000 1257 in
1016 1195 1172 1259 Relatione
1185 1196 1225 1261 B.
1247 1196 1274 1259 T
1271 1196 1363 1257 tene
1379 1194 1415 1260 dc
1437 1195 1533 1259 Villo-

555 1315 645 1373 3333,
655 1294 691 1357 tle
704 1295 851 1359 miraculo
864 1300 960 1379 apocr
974 1306 1106 1361 mortem.

595 1404 621 1467 t
634 1404 849 1467 contractione
862 1422 1017 1469 manuum
1031 1414 1062 1467 et
1084 1404 1224 1487 pedum,
1239 1423 1303 1487 qua
1322 1422 1379 1485 per
1396 1411 1532 1487 quatuor

555 1526 657 1573 annos
683 1506 901 1583 laboraverat,
927 1510 1142 1573 incontinente
1161 1510 1358 1573 convaluisse
1381 1509 1530 1571 interces-

554 1612 642 1677 sione
665 1612 894 1695 archiepiscopi
915 1612 1088 1695 iosaphat,
1111 1612 1246 1675 affirmat
1271 1612 1356 1673 testis
1374 1616 1414 1673 46
1425 1631 1435 1685 ;
1460 1619 1491 1673 et
1514 1629 1532 1673 a

554 1712 785 1778 claudicatione
804 1722 925 1797 septem
940 1732 1112 1789 annorum,
1129 1714 1217 1777 testis
1229 1719 1278 1777 25.
1295 1713 1369 1787 011ae
1380 1712 1532 1775 miracula

554 1814 780 1893 esse,videtur
802 1814 915 1879 deduci
934 1834 971 1879 ex
990 1815 1095 1879 verbis
1117 1815 1302 1896 Evangelii:
1323 1815 1403 1878 Coect‘
1416 1814 1531 1890 vident,

552 1916 652 1979 claudi
662 1916 834 1987 ambulent:
845 1924 877 1979 et
887 1915 946 1979 tuit
957 1915 1168 1999 ponderatum
1179 1918 1212 1981 in
1223 1916 1378 1979 Relationc
1388 1916 1423 1980 S.
1437 1918 1532 1982 Fran

554 2019 638 2083 citcoe
652 2020 802 2094 Romane,
820 2019 851 2081 in
864 2018 1008 2081 miraculo
1020 2024 1056 2096 5,
1069 2020 1105 2083 S.
1121 2020 1146 2083 C
1146 2020 1224 2081 eroli
1229 2068 1238 2090 ‚
1256 2021 1289 2081 in
1300 2018 1445 2083 miraculo
1456 2023 1490 2081 11
1504 2028 1532 2081 et

555 2124 611 2197 ta,
626 2131 656 2185 et
669 2122 704 2187 S.
718 2122 936 2185 Cattartnoede
947 2123 1076 2199 11133113,
1090 2123 1122 2185 in
1136 2123 1280 2185 miraculo
1291 2125 1402 2205 primo.

592 2224 812 2305 Agrevissimc
827 2224 905 2288 febri
918 2225 1038 2289 hectica
1052 2244 1085 2289 se
1101 2226 1281 2289 restitutum
1299 2225 1394 2291 luisse
1405 2226 1529 2297 sanitati

554 2326 776 2393 intercessione
789 2330 869 2391 servi
883 2329 937 2391 Dei
948 2338 1103 2393 asseverat
1117 2331 1203 2393 testis
1212 2334 1271 2405 63,
1288 2338 1389 2393 rector
1407 2330 1529 2410 collegii

554 2430 716 2496 Societatis
727 2433 811 2507 lesu,
826 2442 856 2495 et
870 2452 889 2497 a
903 2432 982 2497 sobri
994 2435 1112 2517 pariter
1126 2453 1158 2497 se
1169 2435 1338 2497 liberatum
1353 2434 1430 2497 dicit
1446 2435 1529 2499 testis
1613 2500 1614 2523 ξ

554 2538 602 2599 ta.
619 2536 726 2611 Qualis
740 2537 862 2601 sanatio
875 2556 932 2619 pro
943 2536 1097 2601 miraculo
1111 2536 1247 2600 adducta
1259 2537 1318 2601 fuit
1330 2539 1361 2599 in
1373 2539 1526 2600 Relatione
1613 2544 1614 2575 ³

553 2637 587 2700 S.
605 2638 1116 2703 11333313331133133131313333313
1128 2644 1159 2715 i,
1171 2639 1204 2699 in
1214 2640 1368 2702 Relatione
1378 2640 1413 2702 S.
1425 2639 1527 2703 Caroli
1613 2636 1614 2649 ¹

552 2742 729 2807 mirocrtlo3
743 2750 773 2805 ct
788 2747 837 2820 10,
853 2752 881 2805 et
896 2744 927 2803 in
945 2742 1098 2806 Relatione
1112 2742 1150 2805 B.
1169 2742 1343 2805 Catbnrinoe
1354 2742 1389 2804 de
1401 2742 1521 2814 Rr'ect't's,

553 2846 772 2911 miraculose
786 2852 815 2909 6.

592 2949 666 3024 one
679 2950 831 3014 miracula
843 2950 1059 3017 restitutorum
1069 2951 1241 3027 sanitatum
1253 2949 1399 3032 quamvis
1409 2968 1464 3032 per
1474 2957 1524 3011 tes

551 3065 596 3119 tes
603 3056 779 3136 singulares
789 3066 1010 3119 recenseantur
1022 3066 1053 3119 et
1069 3057 1254 3137 regulariter
1269 3055 1309 3119 ad
1323 3054 1521 3138 probandum

555 3160 746 3224 miraculum
762 3178 826 3223 non
847 3161 980 3223 sufficiat
1002 3160 1123 3224 dictum
1138 3160 1232 3222 unius
1257 3158 1363 3231 testis,
1391 3165 1523 3219 attamen

552 3281 785 3347 nonnunquam
798 3272 890 3327 testes
904 3265 1080 3345 singulares
1097 3264 1290 3346 deponentes
1303 3262 1342 3325 de
1355 3262 1437 3325 facto
1450 3277 1522 3343 pro-
1612 3250 1613 3323 ζ

553 3368 624 3449 prio
638 3375 669 3430 et
691 3366 732 3429 de
754 3368 908 3431 miraculo
929 3368 961 3431 in
986 3387 1043 3431 sua
1067 3386 1202 3450 persona
1229 3375 1353 3449 patrato
1376 3364 1523 3429 admissos
1612 3394 1613 3397 ¹

550 3472 645 3537 fuisse
669 3470 708 3535 ad
723 3472 889 3554 probanda
908 3474 1079 3549 miracula,
1095 3472 1243 3536 dicebant
1255 3480 1381 3551 agentes
1396 3487 1455 3549 pro
1470 3469 1521 3531 Jo-

550 3577 673 3660 saphat,
686 3576 860 3659 praesertim
871 3576 1132 3640 concurrentibus
1144 3575 1268 3637 indiciis
1278 3582 1308 3636 et
1324 3572 1518 3655 conjecturis,

549 3679 597 3741 vel
612 3676 717 3753 fama,
737 3678 905 3761 exquibus
917 3676 1263 3760 possejudiccmtidem
1278 3676 1427 3739 adhibere
1438 3674 1519 3738 dioto

550 3780 645 3845 unius
659 3782 761 3858 testis,
786 3790 856 3864 post
877 3783 957 3845 alios
978 3783 1102 3865 scripsit
1118 3782 1261 3845 Menoch.
1277 3780 1317 3844 de
1334 3781 1441 3843 arbitr.
1453 3776 1516 3861 jud.

548 3901 611 3945 cas.
625 3903 679 3965 qq.
694 3885 727 3948 in
742 3885 820 3960 line,
840 3893 935 3967 atque
949 3886 981 3947 in
995 3886 1157 3949 Relatione
1170 3886 1203 3947 Β.
1222 3884 1350 3947 1113333
1370 3883 1409 3947 de
1422 3882 1517 3945 vitta-

547 4004 629 4049 nova
641 3986 688 4050 tit.
705 3986 745 4049 de
758 3987 883 4062 virtut,
896 4005 965 4073 cap.
980 3993 999 4054 2
1013 3986 1052 4051 (13
1065 3987 1228 4051 charitate.
1242 3986 1331 4061 Quod
1347 3987 1518 4067 relinquen-

545 4084 624 4150 dum
638 4106 705 4150 esse
718 4088 849 4151 arbitrio
859 4088 1049 4170 judicantis,
1068 4090 1145 4173 qui,
1168 4090 1307 4172 inspecta
1321 4090 1470 4173 qualitate
1486 4093 1515 4149 ct
