3259 5484
460 676 662 745 -tot-

240 952 483 1018 SlGlSllUNllll
507 955 548 1019 lll
573 955 667 1019 REGl
691 953 878 1019 POLONlAE

419 1125 552 1169 unbertus
573 1126 617 1169 l’P.
642 1125 702 1167 l'lll.

113 1324 115 1326 ’
132 1321 277 1387 llallemus
290 1325 438 1407 equidem
454 1325 630 1387 rationibus
643 1342 741 1405 quam
756 1323 941 1386 uulneribus
953 1322 1049 1385 medi·

102 1420 194 1485 cabilia
206 1444 268 1487 esse
280 1428 500 1489 baereticorum
520 1427 645 1505 ingenia
663 1447 668 1487 :
687 1427 874 1488 charitatem
888 1426 972 1487 enim
988 1443 1048 1487 no-

101 1530 178 1585 stram
198 1512 362 1590 delectaret
385 1530 486 1607 magis
516 1529 640 1608 gladius
667 1529 779 1606 ragina
805 1536 925 1599 tectus,
951 1545 1049 1607 quam

101 1626 212 1696 intectus
238 1634 400 1713 sanguine.
428 1635 544 1695 Tamen
568 1632 757 1694 insanabilia
792 1633 934 1695 membra
968 1632 1049 1694 l'erro

100 1728 228 1812 indigent,
240 1756 279 1797 ne
291 1738 505 1818 pestilentium
518 1738 655 1819 partium
668 1738 856 1816 contagione
869 1738 1048 1799 universum

100 1849 194 1915 corpus
212 1840 420 1901 contabescat.
452 1840 531 1901 llinc
555 1859 613 1921 par
637 1849 704 1912 est,
732 1849 892 1902 curatores
915 1840 1050 1922 publicae

100 1935 189 1998 salutis
204 1959 265 2003 non
281 1960 405 2022 semper
419 1941 593 2004 clementiae
615 1942 791 2016 reminisci,
809 1940 972 2004 sedetiam
989 1941 1048 2002 ali-

99 2042 206 2117 quando
220 2046 389 2107 severitatis
407 2067 413 2105 :
431 2046 602 2127 impiorum
616 2047 702 2107 enim
720 2045 875 2127 supplicia
894 2053 1051 2105 exterrent

100 2158 190 2205 rorum
204 2148 388 2222 audaciam,
405 2150 459 2230 qui
476 2150 675 2230 iniquitatem
690 2148 770 2210 sicut
783 2167 899 2229 aquam
914 2148 1048 2221 bibunt,

100 2260 145 2303 nec
163 2255 282 2313 tantum
304 2251 431 2331 praeda,
456 2261 613 2333 quantum
637 2252 753 2313 scelere
782 2250 988 2312 delectantur.
1015 2249 1049 2310 lu

99 2346 231 2426 ejusmodi
256 2355 361 2417 rerbis
381 2373 548 2435 agnoscere
568 2363 670 2437 potest
691 2353 801 2416 laudes
822 2354 861 2415 M.
884 2354 935 2427 T.‚
961 2352 1051 2434 cujus

99 2447 163 2512 iram
172 2472 205 2515 ac
212 2455 364 2536 justitiam
378 2457 496 2540 experti
508 2476 611 2539 nuper
620 2464 694 2518 sunt
705 2456 860 2516 immanes
874 2453 1052 2517 Polocensis

99 2554 303 2641 archiepiscopi
319 2559 552 2635 interfectores,
569 2561 750 2622 Vitebscum
764 2558 870 2629 enim,
894 2549 980 2639 quod
1002 2555 1050 2617 sa-

98 2656 195 2721 cinoris
209 2673 270 2725 tam
287 2663 452 2724 execrandi
469 2664 650 2745 exemplum
665 2662 800 2744 praebuit
813 2709 821 2738 ,
836 2660 951 2722 dicitur
966 2672 1051 2737 nunc

98 2756 302 2828 documentum
318 2765 432 2827 dirinae
447 2767 576 2828 ultionis
590 2775 620 2826 et
635 2766 726 2845 regiae
741 2765 875 2848 pietatis.
891 2762 950 2836 Qui
966 2762 1051 2822 enim

98 2861 212 2927 ciuitatis
223 2868 309 2930 illius
320 2869 421 2929 scelus
432 2868 709 2942 commemorabit,
725 2866 877 2947 conqueri
893 2874 975 2925 certe
988 2881 1051 2924 non

98 2970 207 3042 poterit,
224 2971 411 3051 impunitate
426 2972 578 3033 nutritam
593 2969 687 3031 fuisse
699 2971 883 3049 sacrilegam
897 2966 1051 3028 schisma-

98 3064 213 3132 ticorum
234 3073 429 3135 saevientium
458 3072 686 3135 crudelitatem.
713 3070 992 3151 Propugnaculum
1019 3067 1051 3127 in

98 3166 127 3227 iis
140 3174 313 3251 regionibus
325 3175 439 3238 rideris
453 3180 651 3248 exstruxisse,
664 3173 749 3255 quod
761 3165 1051 3234 llutlrenaeUnionis

96 3286 204 3336 eausam
221 3278 380 3351 tuebitur,
399 3286 429 3338 et
449 3297 560 3340 eorum
574 3288 752 3360 compescet
774 3279 955 3353 audaciam,
972 3290 1052 3361 quos

78 3376 239 3442 -catliolicae
263 3379 424 3460 religionis
442 3382 575 3444 miseriae
589 3382 757 3444 delectant.
775 3382 949 3445 Consilium
961 3380 999 3443 M.
1015 3384 1048 3443 T.

95 3493 156 3539 cum
174 3485 383 3561 gratissimum
407 3483 501 3545 fuisse
518 3485 599 3546 coelo
614 3485 815 3559 arbitremur,
831 3485 942 3545 merito
957 3498 1052 3566 apos-

97 3580 243 3645 tolicarum
261 3586 435 3647 litterarum
460 3604 533 3647 roce
552 3585 709 3648 laudatur.
727 3588 788 3648 Nos
803 3604 876 3647 rero
891 3585 1053 3647 orabimus

96 3678 202 3748 Patrem
228 3689 534 3764 misericordiarum,
561 3709 600 3750 ne
624 3709 729 3769 regem
749 3691 899 3771 jurandis
919 3688 1053 3753 subditis

96 3796 209 3866 natum,
226 3794 264 3855 ad
279 3794 424 3855 acerbam
436 3795 519 3856 hanc
534 3793 747 3855 necessitatem
762 3793 875 3855 adduci
887 3795 984 3868 sinat,
999 3794 1052 3855 sed

95 3892 188 3965 potius
200 3915 268 3957 eam
283 3906 421 3957 mentem
436 3896 489 3957 det
513 3896 654 3968 Polonis‚
668 3903 703 3956 ut
717 3896 853 3973 regalem
876 3896 975 3974 magis
995 3894 1052 3956 be-

95 3993 277 4060 neticentiam
291 4048 298 4072 ‚
313 4016 411 4079 quarn
424 3997 673 4077 indignationem
690 4004 939 4078 promereantur.

128 4118 245 4198 llomae,
261 4124 345 4205 apud
359 4123 389 4184 S.
407 4124 544 4196 Petrum,
563 4127 594 4184 ll
615 4122 689 4183 maii
704 4126 792 4184 tent.
805 4120 894 4183 Pont.
913 4140 963 4183 an.
982 4126 1009 4183 l.

913 4226 943 4279 ll
