3259 5484
468 731 645 806 -lt-

107 893 209 963 Brevi
225 898 307 988 post
328 892 525 984 ingressum
546 890 746 983 losaphati,
771 888 879 960 senex
900 889 1043 960 archie-
1081 906 1298 964 suolmam.

6 995 14 1018 ”
65 1003 232 1095 piscopus
249 1010 286 1074 et
308 1003 409 1072 anuis
428 1009 465 1074 et
480 1002 689 1094 egritudine
704 1025 848 1095 pressus
862 1002 1043 1073 interstin-

65 1116 122 1207 gui
135 1115 258 1207 coepit.
276 1120 386 1199 Quem
398 1115 469 1195 ille,
485 1115 536 1183 uti
552 1115 746 1207 simplicem
762 1121 799 1185 et
806 1115 881 1206 jam
889 1115 1042 1184 schisma

65 1228 305 1308 redolentem,
323 1249 403 1298 cum
417 1228 455 1297 in
475 1228 543 1298 lide
567 1234 686 1297 sancta
709 1226 876 1319 gravibus
899 1235 1041 1320 patrum
1067 1252 1155 1297 noum
1172 1255 1312 1312 eruperint.

64 1352 99 1413 et
113 1343 289 1414 librorum
304 1344 562 1414 slavonicorum
579 1343 754 1414 firmasset
770 1344 902 1425 sensis,
925 1344 1043 1414 confr-

64 1455 128 1526 teri
144 1457 254 1526 etiam
270 1462 414 1549 peccata
429 1478 493 1527 sua
507 1455 641 1549 pluries
656 1455 845 1547 persuasit,
862 1462 898 1526 et
912 1456 1040 1526 viatico

63 1568 179 1638 divino
193 1569 331 1638 refecit.
352 1569 556 1650 Extinctus,
581 1568 696 1661 dignis
718 1575 812 1638 statu
825 1569 961 1639 funeris
976 1591 1041 1638 so-

63 1681 241 1751 lemnibus
262 1704 283 1751 a
308 1683 477 1774 iosaphat
504 1681 676 1774 peractiS,
699 1691 804 1752 terrae
828 1683 1037 1763 mandatuS,

5 1803 8 1806 ’
63 1799 159 1863 tanto
172 1793 331 1874 feliciuS,
351 1793 445 1886 quod
460 1799 496 1862 et
510 1814 583 1862 suae
596 1792 720 1862 salutis
735 1793 893 1862 securior
904 1793 1042 1885 migra-

5 1895 6 1902 '
62 1905 341 1985 veritetovibus
352 1905 638 1997 suispraeclarum
648 1903 832 1998 reliquerit
847 1912 1036 1997 pastorem.

103 2017 159 2086 Sic
171 2017 311 2108 integro
324 2017 360 2084 iu
373 2038 456 2086 suos
469 2018 636 2086 humeros
649 2016 825 2086 defluente
841 2016 1040 2108 archiepis-

62 2134 207 2219 copatu,
237 2150 308 2198 nou
330 2127 443 2220 quieti
470 2149 507 2196 se
529 2128 696 2219 iosaphat
723 2128 836 2209 dedit,
861 2138 902 2198 ut
927 2129 1038 2221 partis
1091 2144 1283 2217 impurum„

63 2235 240 2306 frueretur
255 2258 264 2319 ;
283 2236 344 2306 sed
361 2235 585 2307 ascensiones
600 2235 771 2305 virtutum
787 2236 824 2304 in
844 2238 948 2306 corde
969 2237 1039 2306 dis·
1105 2219 1164 2249 '⁰⁸¹⁰
1178 2207 1268 2250 Μ

63 2349 179 2440 posuit
194 2372 281 2429 suo,
300 2355 339 2418 ut
352 2349 539 2440 expeditus
553 2353 635 2428 Deo,
649 2348 824 2429 Ecclesiae,
841 2348 1037 2441 ovibusque

62 2462 259 2534 inserviret.
274 2466 318 2532 Et
330 2463 473 2555 quidem
486 2461 645 2531 incurius
665 2461 718 2530 sui
733 2467 831 2531 veste
847 2461 889 2529 ad
905 2466 1037 2530 statum

62 2575 241 2664 graviore,
266 2596 371 2665 quam
394 2573 602 2667 pretiosiore
622 2573 790 2653 indutus,
813 2573 1036 2665 splendorem

62 2684 308 2776 supellectilis,
339 2706 531 2776 equorum,
568 2705 758 2764 curruum,
796 2683 1033 2770 famulorum,

62 2794 295 2865 mediocritati
343 2794 561 2888 posthabuit.
603 2793 804 2886 Discipliuae
851 2794 1036 2878 severioris

62 2927 198 2988 amaus,
225 2907 317 2987 otio,
342 2906 573 2986 tumultibuS,
595 2905 878 2997 intemperantiae
899 2905 1037 2975 deditos

62 3020 181 3108 procul
194 3040 274 3089 esse
288 3017 332 3086 ab
346 3019 426 3087 aula
438 3017 557 3110 jussit.
572 3021 615 3086 nt
630 3017 809 3087 nonnullis
834 3039 899 3110 pro
916 3017 1037 3110 digui-

62 3137 130 3201 tale
145 3143 182 3202 et
204 3115 416 3202 necessitate
438 3137 552 3201 status
572 3131 724 3210 allectiS,
750 3129 955 3199 cantoribus
979 3129 1035 3198 vel

61 3243 234 3326 maxime,
258 3245 319 3336 qui
347 3244 464 3314 decori
484 3245 600 3312 forent
624 3242 801 3322 ecclesiae,
825 3241 1033 3310 delectatus.

5 3363 6 3374 ¹
60 3355 151 3424 Alios
166 3378 186 3426 e
200 3354 344 3425 servitio
358 3377 421 3425 suo
437 3355 492 3424 vel
508 3353 653 3433 studiis,
672 3353 727 3423 vel
743 3351 892 3445 opificiis
905 3351 1038 3421 disten·

62 3473 113 3532 tos
126 3465 266 3534 habuit.
282 3465 382 3534 Clero
398 3465 440 3532 ad
460 3465 553 3532 latus
565 3463 715 3532 haerenti
730 3483 855 3542 suum,
875 3468 913 3531 ut
935 3463 1036 3532 theo·

62 3573 149 3666 logia
164 3576 309 3646 moralis
322 3598 343 3644 a
355 3576 517 3668 patribus
532 3575 716 3645 Societatis
734 3579 814 3645 Jesu
835 3576 1037 3646 traderetur

61 3690 238 3772 obtinuit,
256 3715 300 3763 ne
319 3692 391 3762 otio
412 3693 449 3761 hi
473 3701 508 3762 et
531 3691 582 3760 illi
597 3696 779 3783 torpentes
805 3691 840 3759 in
866 3691 950 3760 vitia
963 3692 1037 3760 dif-

61 3800 223 3873 fluerent.
239 3804 362 3874 Evenit
376 3803 413 3871 in
436 3803 512 3896 ejus
531 3804 629 3884 aula,
651 3807 692 3871 ut
717 3801 884 3892 quiddam
912 3804 955 3872 de
980 3825 1039 3871 ar·

62 3919 164 4003 gento
176 3913 357 3983 sublatum
371 3920 484 3996 esset;
502 3913 709 4004 imprudens
720 3911 931 3980 famulitium
943 3912 1037 3982 inter

63 4045 98 4092 se
111 4047 267 4106 caseum,
284 4023 539 4117 superstitiosis
551 4022 761 4114 inscriptum
771 4021 900 4104 verbis,
916 4022 1038 4092 dieve·

64 4135 156 4206 neris
172 4137 308 4228 jejunis
330 4137 505 4208 edendum
526 4135 728 4206 distribuit:
746 4143 787 4206 ut
800 4137 1037 4208 innotesceret
