3259 5484
991 760 1192 829 -lat-

603 922 704 997 alani,
724 918 841 1011 puella
854 918 958 986 unius
980 917 1061 985 anni
1082 922 1274 1008 hlargareta
1290 918 1412 986 irrrrrbn
1427 920 1547 996 eadum,

602 1032 746 1100 loannis
756 1030 1140 1100 Thenrlorieiieonsnlis
1155 1030 1366 1113 Pelneensis,
1383 1030 1547 1107 lethaliter,

560 1169 566 1174 ·
604 1143 663 1210 seul
680 1141 829 1209 (liversis
844 1140 1065 1231 temporibus
1080 1139 1164 1231 aegri
1189 1142 1231 1207 all
1253 1141 1449 1231 sepulerum
1470 1164 1549 1209 mar-

331 1804 352 1845 in
367 1804 486 1857 vertigine,
514 1804 575 1857 digiti

357 1866 474 1919 putredine,
499 1868 574 1909 auxilia

357 1928 453 1982 probata.

366 2610 416 2651 ltem
430 2610 451 2651 in
467 2614 536 2665 partu,

328 3393 348 3433 in
367 3398 460 3435 extrema
484 3396 571 3448 egritu-

427 3457 481 3499 dine.

604 1253 691 1345 tyris
706 1253 821 1332 allati,
840 1252 1005 1345 opinione
1021 1252 1170 1321 celerius
1181 1254 1400 1321 convaluere.

646 1366 699 1435 56.
726 1366 781 1434 57.
811 1366 969 1457 Virgines
1002 1366 1080 1434 alnae
1109 1373 1212 1434 aetate
1246 1389 1456 1457 progressae,
1496 1372 1551 1435 llea

603 1480 751 1549 nonrino
784 1502 826 1549 ex
861 1487 940 1548 vnto
972 1477 1142 1570 prenrissa
1167 1478 1348 1557 castitate,
1377 1479 1411 1545 in
1438 1478 1549 1569 temple

602 1590 779 1661 Pnlneensi
802 1589 986 1659 societatis
1014 1593 1115 1667 Jesu,
1141 1589 1283 1657 servitio
1306 1612 1443 1681 semper
1466 1610 1552 1657 valea-

602 1702 688 1771 bant
711 1701 855 1771 divinn:
880 1702 989 1769 altera
1011 1698 1139 1791 Sophia
1161 1702 1438 1792 ltrzyzannvska,
1461 1702 1550 1767 altera

601 1813 777 1883 Elisabeth
815 1813 1148 1882 Sanisermviezevna
1185 1813 1384 1881 nominatae.
1423 1818 1462 1881 Et
1499 1812 1552 1879 alia

601 1924 742 2015 quidem
769 1923 939 2015 vertigine
954 1922 1079 2014 eapitis
1102 1924 1321 2015 affligebatur
1346 1926 1432 1993 aden
1459 1927 1552 1992 valre-

600 2037 728 2115 menti,
749 2041 787 2103 nt
804 2034 987 2103 insaniret.
1006 2034 1072 2101 h'lii
1088 2034 1243 2102 (lexterae
1259 2034 1384 2113 index,
1411 2035 1453 2102 ab
1473 2034 1553 2100 inte-

600 2173 662 2240 gro
699 2148 950 2240 putreseebat:
981 2170 1044 2216 nee
1077 2169 1156 2239 spes
1189 2147 1331 2215 sanandi
1372 2152 1549 2239 supererat.

601 2264 749 2333 Proinde
762 2261 1027 2330 ambaevisitato
1044 2262 1207 2353 martyris
1224 2283 1380 2353 corpere,
1399 2260 1552 2331 submisse

600 2397 664 2467 pro
686 2396 751 2443 sun
772 2394 924 2464 quaeque
950 2372 1040 2440 malo
1068 2378 1240 2463 precatae,
1266 2372 1451 2441 sanitatem
1473 2370 1553 2439 obti-

601 2508 721 2556 nuere.

643 2602 698 2671 58.
725 2601 874 2671 Basilius
898 2602 1030 2692 Szapka
1051 2601 1248 2681 Chatelski,
1281 2602 1439 2671 notarius
1466 2598 1552 2669 castri

600 2712 854 2790 Vitebseensis‚
893 2712 1015 2781 eedem
1046 2713 1088 2781 tle
1120 2712 1267 2803 conjuge
1306 2736 1369 2781 sna
1405 2719 1552 2781 testatum

602 2826 711 2895 veluit
742 2850 851 2904 anno,
884 2848 959 2895 eam
990 2827 1026 2893 in
1063 2826 1268 2917 puerperia,
1302 2834 1459 2896 extreme
1488 2825 1553 2892 vita

600 2937 791 3005 discrimini
818 2936 1031 3027 expositam,
1048 2936 1289 3005 intercedente
1305 2944 1457 3029 martyre
1477 2940 1554 3003 losa·

600 3057 730 3145 phata,
750 3055 884 3145 absque
904 3054 1023 3123 dolore
1040 3054 1191 3123 enixam.

643 3166 698 3233 59.
724 3172 834 3247 Quam
847 3166 882 3232 in
896 3166 964 3233 alie
975 3188 1116 3257 queque
1128 3187 1298 3257 perquam
1310 3165 1442 3234 difficili
1452 3170 1551 3257 partu,

599 3278 756 3368 ejusdem
777 3277 942 3368 martyris
962 3284 1144 3369 expertam
1160 3278 1320 3368 gratiam.
1544 3284 1547 3291 '

642 3389 696 3458 60.
725 3392 776 3459 Uti
801 3392 906 3459 etiam
930 3391 1076 3460 filiolum
1099 3412 1199 3459 suum
1218 3397 1375 3460 extreme
1392 3400 1554 3483 ingratan-

599 3508 668 3568 tem
694 3503 736 3569 arl
773 3503 1012 3593 sepulcralem
1049 3502 1214 3593 martyris
1241 3502 1419 3583 oblatum,
1448 3520 1551 3571 sannrn

598 3615 720 3681 endem
744 3616 875 3682 laetum
898 3622 1057 3706 patrono.

642 3724 695 3792 el.
712 3726 805 3793 ldem
822 3726 980 3794 notarius
990 3726 1032 3794 de
1045 3725 1152 3793 nobili
1166 3727 1343 3794 Theodato
1354 3721 1551 3795 Chlevinshi.

597 3859 661 3904 sun
682 3837 816 3906 sororio
833 3836 1073 3915 schismatico,
1094 3837 1235 3927 juratus
1258 3837 1293 3904 in
1319 3824 1502 3929 praeessu,
1525 3839 1554 3900 ut

489 3949 492 3957 '
517 3952 519 3956 ’
597 3947 664 4014 alia
682 3953 887 4025 memorata,
904 3948 1026 4016 retulit
1045 3970 1052 4014 :
1071 3970 1107 4016 se
1121 3948 1187 4038 ipsi
1204 3948 1369 4028 suasisse,
1396 3957 1435 4017 nt
1456 3946 1555 4016 sellis-

597 4054 689 4125 mate
703 4058 855 4148 rejeete,
875 4058 909 4126 in
925 4080 987 4127 sua
1004 4057 1188 4149 profligata
1203 4060 1404 4128 valetudine
1420 4060 1462 4127 ad
1481 4070 1555 4124 mar-

599 4180 713 4260 tyrem
733 4177 953 4250 recurreret,
970 4191 1098 4261 eorpus
1115 4169 1293 4243 inviseret.
1322 4176 1363 4241 nt
1390 4162 1554 4240 schismati
