3259 5484
443 678 645 749 -159-

241 1005 360 1072 Clllll).
386 1008 568 1075 BANDINO
589 1009 844 1078 Pnorucronl

297 1236 443 1282 JOSEPHUS
455 1237 659 1283 mnorotm
669 1238 789 1285 RUSSIAE.

107 1414 169 1477 Post
181 1418 317 1479 occisum
328 1426 393 1479 tam
409 1419 592 1481 immaniter
601 1419 875 1502 archiepiscopum
889 1420 1035 1483 Polocen·

80 1535 133 1579 sem
146 1529 302 1596 nostrum,
318 1522 436 1603 quade
450 1542 484 1584 re
498 1523 576 1585 alias
595 1522 695 1586 insius
709 1524 744 1585 E.
761 1524 798 1586 V.
823 1524 1029 1606 scripseram,

75 1623 271 1687 serenissimus
284 1643 340 1686 rex
347 1633 454 1687 noster
466 1633 571 1688 motus
577 1624 765 1706 indignitate
772 1626 829 1699 rei,
840 1634 875 1688 ut
882 1635 1035 1688 averteret

75 1721 108 1781 ab
119 1725 256 1788 universo
270 1744 368 1807 regno
379 1726 499 1807 justam
515 1725 689 1788 vindictam
703 1726 757 1787 Dei
773 1745 833 1807 pro
847 1726 946 1789 effuso
961 1746 1033 1789 san·

75 1824 154 1898 guine
167 1828 326 1901 antistitis,
348 1828 434 1889 misit
452 1827 684 1891 commissarios
704 1827 745 1890 ad
766 1828 853 1890 illam
877 1828 1034 1890 civitatem

76 1932 148 1988 tanto
159 1928 271 1989 scelere
286 1928 471 1990 obstrictam
486 1948 493 1998 ;
508 1929 563 2009 qui
577 1928 731 1991 hahentes
747 1946 855 1990 secum
864 1929 939 1991 satis
953 1928 1034 1991 vali-

76 2023 139 2088 dum
151 2030 331 2109 praesidium
342 2032 375 2092 in
388 2032 531 2112 equitatu
550 2040 581 2093 et
597 2030 739 2114 peditatu
752 2031 935 2111 (timebatur
949 2031 1034 2093 enim

75 2128 232 2204 periculum
245 2151 264 2194 a
278 2132 419 2205 Cosacis,
434 2131 473 2193 ad
486 2151 566 2213 quos
579 2150 638 2213 pro
656 2133 831 2214 patrocinio
852 2131 1035 2211 confugerat

77 2227 120 2290 illa
130 2232 244 2315 civitas)
261 2234 309 2297 usi
325 2234 483 2295 celeritate
500 2243 531 2296 et
545 2233 745 2307 dexteritate,
759 2232 866 2295 triduo
878 2232 1034 2314 judicium

76 2339 99 2390 et
107 2338 315 2400 executionem
329 2346 527 2420 peregerunt.
545 2338 697 2400 Consules
707 2337 790 2401 duos
803 2338 938 2400 civitatis
950 2338 1035 2399 illius

76 2441 99 2491 et
109 2436 273 2499 octodecim
293 2439 354 2500 alia
376 2458 449 2501 cum
468 2440 530 2501 illis
543 2440 648 2521 capita
662 2449 867 2513 truncarunt,
887 2440 1034 2521 bonaque

77 2532 196 2613 ipsorum
209 2542 286 2603 lisco
307 2540 540 2622 adjudicarunt.
555 2540 688 2603 Centum
704 2542 782 2602 alios
796 2542 918 2603 circiter
932 2542 1032 2613 ciros,

76 2638 119 2713 qui
131 2650 197 2702 aute
207 2643 381 2706 adventum
392 2643 683 2705 commissariorum
699 2644 732 2705 iu
747 2643 870 2706 diversa
885 2644 1035 2726 profuge-

76 2750 144 2813 rant,
157 2746 256 2826 capite
266 2745 462 2808 damnarunt
473 2755 504 2807 et
518 2746 780 2828 proscripserunt,
794 2746 878 2809 bona
892 2748 1034 2828 ipsorum

76 2842 166 2907 itidem
175 2850 250 2912 lisco
261 2857 432 2911 cesserunt.
448 2850 613 2929 Privilegia
628 2868 737 2929 regum
753 2850 890 2911 Poloniae
905 2849 945 2911 ab
960 2850 1035 2910 anti·

76 2962 127 3021 qno
140 2950 209 3012 huic
222 2952 342 3013 civitati
354 2950 428 3014 data
442 2951 651 3025 abstulerunt,
670 2961 701 3012 et
715 2951 909 3032 praetorium,
926 2950 1034 3011 omni-

77 3043 124 3107 bus
135 3052 328 3127 ridentibus
344 3072 380 3115 ac
394 3054 496 3134 magis
510 3054 571 3116 hoo
582 3053 754 3126 damnum,
776 3071 873 3133 quarn
894 3051 1034 3113 decolla-

77 3146 177 3213 tionem
189 3155 370 3218 concivium
385 3172 518 3217 suorum
529 3154 730 3229 deflentibus,
749 3153 916 3215 diruerunt
923 3174 932 3227 ;
948 3170 1034 3214 cam-

76 3267 172 3330 panas,
188 3277 398 3338 quaecumque
418 3265 529 3319 contra
543 3256 726 3339 episcopum
742 3256 874 3339 pulsatae
893 3252 1032 3327 fuerant,

76 3350 258 3421 abonnibus
272 3358 412 3420 ecclesiis
424 3357 633 3431 abstulerunt,
649 3356 730 3419 duas
745 3372 919 3437 synagogas
933 3355 1034 3415 schis-

79 3458 248 3523 maticorum
264 3460 471 3542 disjecerunt,
494 3460 659 3522 ulteriores
676 3478 787 3542 poenas
809 3458 939 3521 arbitrio
954 3457 1035 3535 regis

77 3558 264 3639 reliquerunt.
284 3565 415 3643 llagnus
430 3562 507 3625 hinc
522 3571 621 3624 terror
635 3562 749 3625 invasit
762 3580 873 3625 omnes
890 3561 1036 3622 schisma·

76 3659 156 3737 ticos,
174 3678 204 3727 et
224 3669 400 3747 intelligere
426 3675 591 3749 coeperunt
613 3653 698 3748 quod
722 3666 852 3747 qnando
877 3673 1036 3727 senatores

72 3760 145 3838 jussa
155 3772 236 3849 regia
249 3772 379 3852 exsequi
389 3771 511 3846 volunt,
521 3788 586 3834 non
603 3780 729 3833 movent
744 3770 816 3831 illos
829 3780 961 3831 terrores
975 3786 1035 3850 po-

76 3868 164 3931 tentiae
171 3871 370 3935 Cosacorum.
383 3871 504 3934 Interea
514 3871 696 3934 humillima
706 3890 776 3934 mea
785 3870 937 3951 obsequia
947 3870 981 3930 E.
996 3869 1032 3931 V.

76 3968 155 4031 etiam
170 3983 262 4056 atque
277 3976 374 4037 etiam
387 3973 590 4036 commendo.

109 4119 226 4200 Bitenii,
245 4130 278 4187 ll
295 4125 445 4188 februarii
462 4130 550 4187 loll.
