3259 5484
99 900 207 948 suum
223 877 409 961 cecidissc3
423 901 503 970 quae
518 880 618 948 illum
633 878 675 948 ad
690 879 889 949 devotionis
899 879 1072 959 ardorem,

98 990 259 1082 corporis
282 991 575 1072 macerationem,
603 991 685 1061 fidei
713 1000 844 1062 sanctae
866 993 1006 1073 zelum,
1031 991 1075 1060 ab

97 1103 184 1171 hinc
206 1124 318 1194 usque
347 1103 390 1171 ad
412 1109 611 1188 extremum
635 1103 872 1175 inflammaret
894 1103 1070 1197 spiritum.

96 1215 233 1285 Idcirco
269 1215 397 1308 puerili
438 1216 640 1308 posthabita
679 1217 823 1286 levitate
861 1222 897 1285 et
937 1214 1074 1284 lubrico

97 1326 291 1418 aequalium
312 1326 505 1406 consortio,
531 1328 743 1419 quandoque
770 1326 984 1419 imaginibus
1010 1347 1074 1417 pro

96 1437 244 1505 modulo
262 1437 475 1516 formandiS,
502 1436 643 1528 illisque
657 1435 761 1528 juxta
781 1444 888 1530 atque
910 1436 1075 1529 exigebat

96 1556 187 1618 aetas
213 1549 369 1619 colendis
397 1549 667 1632 destinabatur3
699 1549 830 1642 saepius
857 1571 1073 1642 veroquam
1154 1564 1291 1621 Piranum·

96 1660 294 1730 existimari
324 1666 458 1752 potest,
484 1667 546 1730 aut
571 1661 607 1730 in
632 1660 883 1731 remotioribus
906 1660 950 1729 ab
971 1661 1075 1730 oculo

95 1774 253 1841 humano
266 1772 370 1852 loom,
387 1780 448 1842 aut
463 1773 498 1841 in
512 1780 705 1843 memorata
716 1776 790 1843 aede
801 1795 918 1853 sacra,
936 1771 964 1841 si
982 1773 1072 1841 forat

95 1888 239 1973 aperta,
262 1888 323 1951 aut
344 1881 570 1953 investibulo
590 1885 689 1976 ejus,
710 1883 860 1953 crationi
884 1882 1071 1962 insistens,

95 2015 114 2060 a
142 1993 303 2063 sollicitis
319 1995 564 2086 reperiebatur
581 1996 801 2089 parentibus.

142 2114 230 2183 Hinc
245 2114 344 2184 brevi
359 2117 468 2186 totius
487 2117 639 2186 civitatis
655 2117 691 2185 in
706 2116 936 2196 modestiam,
953 2115 1073 2207 pieta-

96 2230 188 2304 tem,
216 2225 450 2294 constantiam
469 2227 609 2319 pueruli
639 2227 798 2298 conversi
822 2227 937 2309 oculi;
961 2225 1010 2295 ita
1034 2231 1075 2294 ut

95 2341 264 2426 parentes
288 2336 347 2404 alii
374 2338 448 2406 suis
465 2338 548 2407 liliis
573 2359 654 2408 curn
679 2337 798 2407 vivum
814 2337 956 2407 virtutis
980 2358 1073 2406 com-

96 2454 337 2518 monstrarent
364 2449 586 2540 exemplum,
611 2457 648 2518 et
665 2448 874 2519 verberibus
894 2448 937 2516 ad
960 2447 1074 2515 imita-

96 2563 230 2632 tionem
241 2585 302 2633 eos
321 2563 515 2656 adigerent.
532 2564 695 2648 Quinimo
707 2569 810 2633 aetate
827 2562 979 2654 majores
996 2583 1074 2653 gra-

96 2673 284 2764 vioresque
305 2672 389 2753 viri,
426 2679 497 2742 tarn
524 2673 670 2764 probam
700 2671 916 2740 admirantes
948 2668 1074 2762 pueri-

96 2782 204 2863 tiam,
234 2783 278 2850 ad
304 2783 565 2853 aemulationem
595 2783 672 2874 ejus
703 2781 998 2852 accendebantur.
1032 2782 1071 2846 ln

97 2893 216 2962 studio
246 2893 459 2986 simplicium
483 2894 669 2964 slavonicae
692 2901 727 2964 ct
751 2893 923 2986 polonicae
943 2891 1072 2982 linguae

97 3003 316 3085 litterarum,
335 3006 415 3097 plus
432 3005 594 3098 ingenie,
618 3027 724 3097 quam
740 3003 884 3083 labore,
906 3001 1072 3094 opinione

97 3115 250 3184 celerius
273 3116 435 3207 profecit.
462 3118 513 3185 Ad
538 3137 637 3185 sacra
656 3121 774 3184 tamon
794 3134 900 3207 quam
925 3112 1073 3205 profana

97 3227 315 3319 promptior,
340 3227 493 3296 officium
517 3227 676 3298 divinum
699 3234 817 3297 mentc
836 3226 906 3296 alte
931 3224 1070 3293 infixit:

97 3339 193 3429 quod
209 3362 229 3408 a
246 3361 357 3432 puero
371 3342 415 3409 ad
430 3341 512 3410 vitae
536 3340 671 3409 exitum
688 3339 835 3432 singulis
850 3340 924 3409 sere
940 3338 1073 3431 persol-

96 3450 146 3518 vit
156 3450 296 3521 diebus.
307 3451 431 3521 Evenit
441 3451 547 3532 enim,
560 3457 599 3520 ut
611 3451 775 3543 religioso
789 3451 943 3542 quodam
955 3469 1072 3517 coram

97 3568 217 3652 patre,
241 3584 347 3654 quem
369 3585 388 3632 a
409 3563 688 3632 confessionibus
710 3562 882 3643 habebat,
902 3582 1073 3631 memora·

97 3674 160 3756 rit,
184 3675 272 3745 illud
293 3675 438 3767 triginta
454 3697 625 3745 annorum
646 3676 797 3744 decursu
813 3696 996 3766 nunquam
1012 3673 1073 3742 in-

99 3786 304 3857 termisisse.

140 3911 327 3978 Crescente
340 3907 376 3976 in
392 3908 453 3977 illo
465 3915 587 3989 aetate,
603 3908 716 3978 virtus
730 3931 872 4001 quoquc
888 3931 952 3978 sua
962 3908 1073 3978 incre·
1124 3916 1319 4023 summan.-

96 4025 215 4088 mcnta
243 4020 405 4089 sumebat
417 4043 425 4102 ;
454 4020 586 4112 quippe
606 4020 716 4091 Vilnae
736 4020 876 4090 cuidam
897 4019 1072 4113 praediviti
1253 4012 1257 4022 '

98 4128 139 4194 ad
155 4129 298 4199 servitia
317 4129 469 4199 traditus
485 4129 689 4211 mercatori,
707 4131 802 4199 domi
817 4130 975 4223 lorisque
992 4150 1072 4222 pre·
