3259 5484
961 712 1140 785 ..70-

564 873 696 942 davicis
715 874 809 943 lnnae
824 873 976 954 vasallis,
993 872 1238 941 transmarinis
1251 878 1441 944 Succorum
1457 874 1533 944 leo-

566 985 681 1065 nibus
700 986 911 1077 evangelicis
923 984 1107 1077 Hungariae
1120 985 1300 1076 apostolis,
1316 987 1532 1057 Pruthcnicis

565 1100 741 1167 haereseos
769 1098 875 1167 sociis
901 1098 1021 1190 regina
1045 1097 1219 1190 gentium,
1245 1098 1328 1190 quia
1357 1098 1533 1169 liberrima

565 1207 722 1277 omnium
734 1208 770 1277 in
791 1207 893 1288 orbe,
909 1209 1072 1291 Polonia,
1091 1209 1218 1279 misere
1233 1209 1365 1300 patuit,
1384 1216 1420 1279 et
1434 1209 1534 1302 inge·

566 1319 717 1389 miscens
733 1319 770 1389 in
789 1342 853 1389 sua
869 1321 1064 1412 majestate,
1089 1321 1287 1414 opulentia,
1303 1321 1441 1403 robore,
1457 1344 1533 1389 am-

566 1428 752 1521 plitudine,
770 1430 931 1501 consedit
945 1432 1141 1501 vulnerata.
1163 1436 1205 1501 Et
1225 1454 1341 1502 nonne
1358 1435 1432 1503 haec
1453 1458 1534 1525 gra-

566 1541 662 1611 viora
681 1544 873 1624 censenda,
891 1566 996 1635 qnam
1010 1566 1091 1636 quau
1117 1543 1200 1613 olim
1215 1544 1357 1614 rebellis
1376 1545 1530 1636 ejusdem

566 1657 662 1727 l'aecis
676 1658 748 1726 dux
763 1657 950 1727 Nalcvaiko
965 1656 1156 1727 intulerat?

321 1779 470 1887 imppp?
485 1782 511 1825 ⁴¹⁰
609 1778 658 1843 De
672 1773 801 1843 unione
817 1796 909 1852 vero,
927 1774 963 1841 in
976 1774 1099 1843 eodem
1123 1774 1255 1865 scripto
1270 1774 1382 1843 multa
1402 1773 1534 1864 prolata

565 1885 779 1977 ejuscemodi
821 1886 1000 1955 concludit
1033 1888 1202 1978 losaphat
1237 1886 1532 1979 epiphonemate:

569 2027 583 2060 a
608 1997 700 2067 Certi
716 2019 850 2077 sumus,
868 2002 975 2067 Deum
994 1998 1119 2067 fortem
1141 2020 1254 2090 usquc
1276 1998 1310 2065 in
1334 1998 1437 2067 finem
1456 1998 1534 2067 huic

573 2109 711 2202 «operi
738 2132 803 2178 suo
829 2109 1116 2189 benedicturum,
1148 2132 1324 2201 omneque
1357 2110 1535 2202 praepedi-

572 2252 585 2287 ‹
613 2230 790 2303 mentum,
809 2244 879 2291 non
908 2222 1105 2291 Cosaticum
1132 2222 1322 2301 duntaxat,
1341 2223 1402 2291 sed
1430 2222 1533 2291 etiam

569 2364 583 2397 ι
612 2341 804 2418 tartareum
821 2334 1057 2413 sublaturum,
1083 2332 1298 2424 absqucullo
1311 2342 1532 2409 nocumento,

571 2474 585 2508 t
613 2445 683 2514 imo
705 2466 784 2513 cum
806 2466 932 2535 magna
949 2442 1160 2512 solaminum
1180 2442 1321 2511 unionis
1338 2442 1534 2511 divinorum

573 2585 587 2620 ‹
613 2556 855 2649 ampliatione.
876 2559 966 2623 Sane
990 2554 1024 2621 in
1050 2560 1103 2625 tot
1126 2552 1304 2645 tantisque
1334 2551 1535 2644 reipublicae

570 2695 584 2730 «
611 2666 725 2745 malis,
754 2667 839 2735 dum
864 2664 947 2734 unio
969 2662 1174 2734 decumanis
1199 2663 1337 2755 sepulta
1359 2663 1536 2733 videretur

571 2778 789 2855 «fluctibus,
826 2774 1008 2845 benedixit
1024 2778 1121 2845 ltcus
1150 2774 1247 2866 operi
1282 2796 1364 2853 suo,
1389 2773 1535 2842 sublatae

571 2918 585 2953 ‹
611 2893 865 2980 tempestates·
876 2884 1042 2955 debellati
1062 2884 1135 2953 orci
1154 2884 1328 2964 assultuS,
1347 2883 1537 2953 insolentes

577 3032 591 3066 a
618 3002 729 3073 sedati
756 3001 896 3080 lluctuS,
923 2998 1096 3091 promissa
1110 2998 1252 3067 demum
1270 2997 1359 3069 coelo
1372 3003 1537 3090 operatur

571 3141 585 3176 «
613 3112 695 3181 unio
711 3110 848 3181 solatia.
868 3137 882 3173 t

611 3222 903 3294 Proficiscebatur
918 3220 984 3290 sub
998 3243 1038 3290 ea
1046 3228 1204 3312 tempora
1213 3219 1377 3311 princeps
1389 3218 1538 3289 Poloniae

571 3333 768 3404 vladislaus
785 3332 821 3400 in
836 3330 1063 3411 Moscoviam,
1081 3329 1220 3398 vivente
1239 3330 1463 3421 Sigismundo
1480 3334 1538 3407 ΙΙΙ,

310 3473 332 3513 ιη
347 3472 471 3513 nattam
494 3473 525 3513 aa
567 3470 648 3539 rege
668 3456 705 3516 et
728 3452 891 3539 parente,
918 3451 958 3513 ut
982 3444 1117 3513 electus
1139 3442 1222 3511 dux.
1238 3447 1352 3524 Quare
1366 3443 1421 3511 vel
1439 3453 1479 3511 ut
1499 3442 1539 3509 ab

323 3535 537 3651 tillim·
567 3565 697 3635 unione
716 3564 943 3640 Polocenses,
968 3558 1224 3629 blandientium
1246 3580 1290 3625 an
1301 3558 1539 3650 sugillantium

574 3678 701 3770 specie,
712 3676 941 3767 Josaphatum
958 3677 1173 3751 revocarent,
1188 3693 1232 3739 an
1241 3692 1323 3739 vero
1335 3692 1372 3740 sc
1386 3669 1485 3761 ipsos
1500 3668 1540 3737 ab

568 3787 828 3858 illalibcrarent
845 3806 907 3855 :ne
923 3782 1045 3852 unitus
1059 3787 1164 3861 esset,
1182 3802 1283 3850 orare
1301 3805 1308 3848 :
1326 3780 1394 3850 iret
1407 3780 1442 3847 in
1466 3786 1541 3850 Mo-

567 3900 806 3971 scoviamcum
823 3894 993 3989 principe,
1008 3892 1156 3962 suadere
1174 3914 1181 3959 :
1200 3914 1263 3961 sua
1272 3892 1403 3983 pietate
1419 3891 1495 3961 illic
1509 3897 1541 3961 et

565 4010 724 4081 doctrina
743 4030 866 4077 omnes
886 4011 1019 4078 Moscos
1035 4024 1300 4072 conversurum.
1316 4004 1359 4071 At
1377 4002 1438 4071 ille
1454 4025 1461 4069 :
1480 4023 1541 4094 pro

566 4123 695 4193 unione
705 4118 1041 4191 catholicaanimam
1053 4136 1153 4184 suam
1166 4121 1330 4207 paratum
1347 4114 1539 4207 projicere:
