3259 5484
559 886 744 981 perfractis
765 882 870 963 seris,
897 905 968 976 quo
984 882 1063 975 quis
1082 881 1294 972 indigentior
1306 902 1349 950 eo
1363 880 1517 973 nequior,

557 997 756 1067 victualiac
773 1018 866 1087 penu
888 995 1148 1063 tumultuantes
1174 994 1267 1063 inter
1293 1015 1330 1063 se
1354 992 1517 1062 dividunt.

556 1114 708 1190 Currus,
727 1109 922 1187 fenestras,
939 1113 1079 1199 portas,
1099 1108 1275 1185 fornaces,
1292 1106 1416 1185 sellas,
1433 1105 1521 1174 euhi-

556 1224 653 1303 oula,
672 1221 836 1291 hostilem
852 1221 887 1289 in
903 1222 1045 1290 modum
1062 1220 1246 1289 devastant
1258 1241 1299 1288 ae
1315 1219 1521 1312 depopulan-

557 1341 626 1403 tur.
662 1338 699 1402 ln
728 1332 871 1403 cellario
898 1330 1042 1424 potibus
1080 1352 1177 1399 more
1212 1330 1418 1399 helluonum
1451 1352 1520 1399 sese

556 1447 797 1539 ingurgitant3
826 1469 865 1517 ac
890 1446 1044 1537 primum
1071 1444 1164 1514 dolia
1192 1445 1235 1513 de
1260 1450 1380 1513 monte
1414 1444 1518 1523 aulae,

556 1558 650 1627 dicto
674 1557 853 1649 Deiparae.
879 1557 1006 1649 inquo
1031 1556 1098 1625 sita
1118 1554 1284 1635 eeclesia,
1312 1561 1388 1624 tum
1410 1556 1520 1625 archi-

556 1668 759 1751 diaconum,
777 1668 907 1737 iterum
930 1666 1131 1759 iterumque
1146 1665 1300 1735 fustibus
1317 1688 1519 1759 conquassa·

557 1789 660 1863 tum,
690 1805 769 1851 cum
798 1783 1013 1853 clamoribus
1037 1789 1073 1851 et
1101 1783 1280 1853 cachinnis
1318 1784 1519 1853 seminecem

286 1904 316 1946 θ’
335 1909 405 1977 coqu
420 1904 530 1960 miratur
555 1892 735 1983 dejiciunt.
756 1897 825 1962 Nee
842 1900 958 1963 tamen
975 1893 1033 1962 ille
1056 1894 1248 1986 quidquam
1268 1916 1312 1963 ex
1334 1894 1520 1985 dejectione

324 1967 488 2010 ''mm''
556 2004 921 2094 passus,ludaeorum
938 2002 1163 2073 miseratione
1178 2010 1414 2096 receptus,et
1432 2020 1521 2073 cura·

557 2123 614 2181 tus
633 2120 698 2181 est.
727 2118 989 2184 Cantaeuzenus
1011 2115 1117 2184 etiarn
1147 2138 1167 2183 a
1194 2115 1405 2207 quibusdam
1420 2116 1457 2184 in
1474 2122 1521 2184 tu·
1613 2096 1615 2107 ’

557 2222 646 2291 tiora
670 2224 813 2292 relatus.
838 2224 1004 2294 Miraoulo
1037 2225 1170 2318 duplici
1195 2225 1369 2295 universis
1402 2226 1519 2297 fuere:
1614 2284 1615 2319 ἶ

556 2334 652 2423 quod
671 2355 715 2401 ex
730 2340 783 2403 tot
796 2334 990 2426 grandibus
1014 2335 1222 2405 vulneribus
1245 2358 1314 2405 non
1333 2336 1519 2429 perierint,
1614 2326 1615 2381 1

558 2445 618 2512 sed
633 2445 797 2536 plurimis
821 2445 922 2515 annis
945 2446 1218 2539 supervixerint.
1236 2450 1277 2516 Et
1292 2448 1455 2517 veredica
1466 2453 1522 2516 lo-

557 2555 694 2646 saphati
714 2556 823 2625 fuisse
842 2557 948 2627 verba
968 2580 1076 2650 super
1100 2580 1137 2627 se
1159 2557 1246 2651 ipsis
1270 2557 1519 2649 probaverint:

284 2682 529 2741 veneronum*
556 2668 754 2760 periturum
770 2670 969 2750 neminem,
987 2670 1054 2739 nisi
1077 2670 1192 2762 ipsum
1212 2670 1338 2739 solum.

371 2752 428 2797 ’ω’
600 2792 651 2860 nd
667 2792 829 2884 praesulis
842 2792 924 2862 naesi
938 2815 1078 2886 corpus,
1096 2793 1292 2863 innumeris
1306 2793 1464 2863 omnium
1479 2794 1522 2860 lu·

285 2911 528 3033 ⁰⁰pppm¹pu¹rffl=
555 2902 681 2973 dibriis
710 2905 936 2997 expositum,
974 2906 1105 2975 reversi
1131 2907 1317 2985 lurcones,
1343 2904 1379 2973 in
1412 2924 1520 2974 aream

555 3014 643 3083 illud
664 3017 867 3084 extrahunt.
887 3016 951 3086 Ubi
976 3015 1216 3085 demirandam
1244 3016 1412 3085 virtutem
1435 3014 1521 3085 canis

284 3145 345 3189 nara
356 3146 378 3189 a
392 3158 418 3190 ω
433 3146 529 3192 aaut.
555 3128 788 3219 experiuntur
808 3152 816 3197 :
838 3129 899 3222 qui
919 3130 1100 3199 dominum
1117 3152 1220 3199 suum
1234 3151 1275 3199 eo
1290 3151 1403 3222 usque
1419 3130 1521 3199 tuitus

554 3245 626 3317 est,
658 3261 949 3332 unumquemque
974 3239 1018 3308 ab
1045 3240 1105 3308 illo
1131 3238 1317 3308 latratibus
1345 3246 1382 3309 et
1410 3261 1518 3308 morsu

554 3370 677 3417 arcens
693 3371 775 3429 suo,
793 3356 833 3418 ut
849 3351 948 3441 prius
962 3350 999 3417 in
1015 3370 1161 3442 corpore
1182 3349 1314 3419 domini
1329 3351 1445 3419 securi
1461 3349 1520 3419 dis·

554 3467 671 3527 sectus
685 3460 871 3541 interierit,
890 3482 995 3553 quam
1010 3462 1177 3529 accedere
1192 3460 1344 3552 aliquem
1363 3463 1406 3529 ad
1420 3461 1521 3531 domi-

554 3588 657 3644 num,
673 3574 735 3635 aut
754 3569 865 3637 eloco
881 3565 1016 3658 abripi,
1033 3588 1158 3657 passus
1176 3565 1294 3635 luerit.
1310 3571 1520 3636 Documento

552 3680 704 3771 posteris
724 3682 930 3750 execrandae
947 3679 1142 3759 barbariei,
1166 3701 1247 3771 quae
1267 3702 1346 3749 cum
1371 3682 1520 3751 ferarum

553 3814 650 3861 more
675 3794 710 3862 in
731 3799 910 3885 pastorem
931 3794 1070 3863 saeviret
1088 3812 1211 3871 suum,
1234 3792 1366 3861 oblitus
1390 3802 1520 3863 natura

552 3904 669 3984 canis,
688 3905 1017 3997 humanitatemque
1034 3904 1200 3997 indutuS,
1231 3902 1265 3971 in
1286 3905 1451 3974 efferatos
1467 3920 1521 3974 ar-'

550 4015 656 4086 mnrit
672 4039 709 4086 se
729 4016 901 4087 homines.
919 4020 989 4086 Nec
1001 4016 1102 4087 veriti
1118 4032 1299 4097 naturam,
1318 4018 1520 4109 efferatique

550 4127 672 4209 rabie,
706 4129 878 4200 inhonore
907 4128 1065 4199 vestibus
1093 4130 1283 4221 praesulem
1311 4129 1517 4221 exspoliant.
