3259 5484
269 1633 313 1676 Lux
325 1633 346 1675 in
356 1631 498 1686 darellnioua

333 1694 433 1738 cernitur.

262 2187 446 2231 Schismatlcorum
468 2199 504 2231 ss·

334 2250 431 2293 ditiones.

929 657 1108 728 ..22-

531 839 638 910 quam
653 817 772 910 abegit
785 839 805 887 a
818 839 857 888 sa
868 817 1134 910 flagellationes.
1148 820 1197 888 Ne
1211 824 1350 888 scruter
1363 823 1506 899 caetara,

531 929 714 1022 quaeapud
726 951 791 1000 nos
803 928 981 1000 incuriosa
992 929 1211 1022 simplicitas,
1229 930 1341 1024 ipsius
1353 931 1510 1000 demissa

531 1041 585 1112 sui
600 1041 803 1122 aestimatio,
822 1047 931 1134 atque
944 1041 980 1109 in
993 1040 1083 1112 coelo
1103 1040 1205 1112 testis
1224 1047 1261 1110 et
1282 1042 1444 1113 conscius
1466 1043 1508 1112 in

531 1159 680 1230 excelsis
708 1159 947 1229 obumbravit.
974 1162 1094 1252 Neque
1123 1165 1241 1230 tamen
1266 1159 1363 1230 sileri
1392 1160 1509 1252 patiar

532 1270 620 1341 illud
652 1271 746 1365 quod
779 1271 923 1364 plurimi
957 1271 1076 1342 intuiti
1105 1272 1278 1366 religiosi,
1310 1274 1387 1344 luce
1410 1274 1508 1343 clara

531 1381 694 1453 videlicet
713 1381 837 1454 cellam
854 1382 949 1474 ejus,
976 1383 1060 1452 dum
1081 1403 1119 1452 se
1138 1383 1267 1454 acriter
1289 1383 1505 1476 flagellaret,
1615 1460 1616 1483 ,

531 1493 611 1586 igne
631 1495 784 1587 quodam
800 1494 986 1565 exarsisse.
1003 1494 1159 1587 Sopituri
1174 1516 1257 1588 ergo
1280 1495 1505 1576 incendium,
1615 1486 1616 1571 ξ

531 1627 611 1675 oum
632 1626 724 1697 aqua
748 1605 905 1676 universi
925 1613 1138 1688 accurrunt3
1164 1607 1225 1676 sed
1245 1606 1325 1699 igne
1344 1607 1406 1676 illo
1425 1629 1509 1676 mox

532 1727 780 1802 evanescente,
802 1723 1044 1814 sosapharum,
1061 1727 1142 1813 post
1154 1730 1331 1814 peractam
1348 1721 1510 1813 flagella·
1615 1722 1616 1789 ὲ

534 1831 686 1914 tionem,
702 1833 818 1902 crucis
837 1835 874 1902 in
897 1834 1040 1903 modum
1063 1840 1322 1925 superterram
1348 1837 1506 1901 orantem
1615 1816 1616 1819 ¹

533 1943 742 2025 advertunt,
767 1951 803 2015 et
829 1948 940 2014 Deum
960 1944 1217 2014 dominatorem
1239 1943 1319 2014 coeli
1336 1943 1509 2014 abeuntes

534 2055 746 2126 collaudant.
1615 2128 1616 2155 ,

578 2166 777 2237 Invaluerat
792 2190 857 2260 per
870 2167 1064 2261 potentiam
1080 2174 1283 2260 magnatum
1304 2166 1511 2237 schismati·
1615 2248 1616 2251 Ἴ

534 2301 655 2349 eorum
676 2279 712 2350 in
736 2280 859 2350 Russia
880 2287 917 2352 et
935 2281 1121 2351 lithuania
1133 2281 1297 2350 schisma.
1314 2282 1414 2364 Quod
1428 2303 1509 2350 cum
1615 2330 1616 2335 η

534 2391 686 2462 uariisin
696 2391 792 2475 locis
803 2394 982 2488 praecipue
993 2393 1115 2475 Vllum,
1124 2395 1309 2465 Unitorum
1320 2393 1511 2487 eripuisset
1615 2426 1616 2481 g

535 2503 701 2574 ecclesias
727 2503 895 2598 ipsasque
930 2527 1010 2574 cum
1039 2504 1268 2576 facultatibus
1299 2505 1509 2584 cathedras,
1615 2522 1616 2559 2

536 2617 673 2711 legibus
693 2618 800 2688 etiam
816 2618 916 2710 regni
928 2617 964 2687 in
984 2618 1136 2689 comitiis
1159 2639 1251 2687 anno
1278 2617 1365 2688 1609
1386 2618 1514 2686 firma·

535 2739 652 2804 verat:
668 2754 830 2827 possessa
841 2733 887 2803 ab
900 2733 1068 2826 utrinque
1081 2740 1299 2814 tenerentur,
1314 2754 1379 2802 nec
1392 2739 1517 2825 partes

535 2846 697 2927 inuicem,
713 2845 780 2916 sub
795 2845 938 2938 grandis
952 2844 1111 2938 pecuniae
1126 2844 1270 2924 mulcta,
1286 2864 1363 2913 sese
1376 2842 1518 2935 inquie-

537 2963 664 3030 tarent.
690 2959 1026 3050 conclamatumque
1048 2956 1175 3027 fuisset
1196 2957 1239 3026 de
1261 2955 1414 3036 Unione,
1442 2956 1517 3024 nisi
1615 3006 1616 3035 ,

536 3070 726 3140 immortali
740 3070 910 3140 memoria
924 3068 1020 3161 digni
1034 3068 1173 3161 llypatii
1192 3068 1316 3159 Pooiey
1327 3073 1518 3160 metropo-
1615 3056 1616 3063 '

537 3183 637 3253 lilani
651 3182 790 3262 labore,
809 3180 1024 3274 Sigismundi
1036 3171 1079 3250 lll
1095 3179 1246 3250 Poloniae
1264 3179 1373 3273 regis,
1391 3178 1519 3248 eximii
1615 3192 1616 3267 ἐ

536 3290 1519 3387 Unionispatronigratia,obuiatumluisset.lmpotentes

538 3409 600 3478 irae
641 3405 856 3477 schismatici
905 3404 1095 3474 nefandum
1129 3401 1325 3471 moliuntur
1361 3398 1515 3468 lacinus.
1615 3444 1616 3499 3

539 3526 716 3592 Praesente
740 3517 837 3612 regia
863 3517 1068 3609 majestate,
1102 3520 1304 3584 senatorum
1333 3512 1515 3605 potentia,
1615 3580 1616 3599 ἶ

540 3660 605 3708 nec
619 3635 721 3707 veriti
735 3636 842 3728 leges,
860 3637 931 3702 Deo
944 3631 1080 3702 vindice
1094 3630 1311 3724 posthabito,
1325 3626 1519 3697 satellitem
1615 3606 1616 3679 Ῐ

542 3748 747 3843 quemdam,
766 3744 924 3838 perfidiae
940 3765 1014 3813 suae
1037 3743 1240 3821 alumnum,
1261 3739 1370 3809 sacris
1389 3738 1523 3830 prola·
1615 3756 1616 3823 j

537 3861 663 3953 nisque
679 3859 875 3928 inescatum
888 3855 1092 3949 promissis,
1117 3854 1178 3947 qui
1202 3852 1520 3946 metropolitanum

537 3970 712 4048 trucidet,
730 3968 938 4039 subornant.
955 3966 1152 4036 Abeuntem
1164 3966 1207 4034 ad
1222 3963 1338 4033 scelus
1350 3961 1522 4032 manibus
1615 3962 1616 3973 ’

540 4105 648 4176 super
671 4079 847 4174 impositis
870 4079 1100 4159 benedicunt,
1128 4082 1164 4147 et
1188 4076 1279 4147 votis
1302 4074 1455 4168 publicis
1480 4076 1521 4145 in
1615 4140 1616 4155 ,
