3259 5484
463 695 642 765 ..15-

60 853 242 936 Generalis
272 854 379 924 totius
411 855 544 924 Russiae
573 877 593 924 a
624 854 849 948 metropolita
882 860 1034 924 creatur.

105 969 282 1039 Frendere
294 968 371 1037 ideo
384 967 611 1038 clameclero
621 967 840 1059 proditores,
858 966 974 1059 palam
987 976 1037 1035 ta·

63 1103 141 1150 men
158 1080 310 1172 subjecti
330 1104 337 1149 :
354 1082 439 1150 dum
455 1103 492 1152 se
508 1080 691 1173 quiescere
707 1080 896 1159 simulant,
915 1081 1038 1150 subor-

63 1204 147 1266 nant
171 1198 280 1268 cives.
309 1202 465 1280 Quorum
490 1204 563 1268 tres
587 1199 776 1292 praecipui,
809 1198 1035 1269 subvertendi
1065 1213 1310 1270 &mecumm-

62 1305 242 1398 Josaphati
265 1305 481 1398 provinciam
497 1311 694 1375 assumunt.
712 1305 861 1376 Honoris
880 1327 964 1397 ergo
984 1305 1034 1372 in·
1113 1280 1157 1320 ’Μ
1173 1282 1262 1320 “M‘'

63 1418 194 1488 vitatur
205 1421 405 1510 Josaphata
419 1419 571 1511 quodam
587 1419 622 1487 in
637 1420 731 1488 aedes
744 1440 846 1499 suas,
862 1417 1040 1510 inquibus

63 1533 121 1600 alii
142 1533 303 1603 latebant
321 1533 404 1602 duo.
421 1537 463 1602 Et
475 1555 519 1603 ne
539 1533 640 1603 testis
658 1533 817 1608 adesset,
836 1531 1039 1623 religiosum

63 1645 242 1736 Josaphati
265 1645 419 1725 socium,
438 1645 605 1714 mollibus
629 1666 838 1739 persuasum
860 1649 1037 1736 separant.

65 1759 148 1824 Tum
164 1778 288 1826 omnes
303 1762 549 1848 comparentes
563 1757 716 1848 gratiose
734 1762 901 1848 perorant
919 1779 926 1823 :
950 1755 1040 1824 scire

65 1865 170 1956 ipsos,
189 1867 350 1958 impense
361 1866 405 1936 ab
418 1887 459 1936 eo
472 1871 583 1936 Deum
604 1873 640 1937 et
653 1867 800 1959 gloriam
814 1866 892 1958 ejus
907 1865 1037 1934 amari:

65 1984 204 2068 gentem
226 1984 262 2048 et
286 1979 394 2048 ritum
431 2002 534 2048 suum
563 1979 731 2050 animitus
761 1978 841 2048 coli.
878 1978 1041 2047 llluxisse

66 2089 168 2170 diem,
188 2112 261 2182 quo
274 2112 442 2183 oppressa
455 2093 616 2160 Ruthena
629 2091 781 2161 Ecclesia
791 2090 904 2182 erigat
914 2096 1038 2180 caput;

66 2201 168 2294 idque
196 2203 272 2272 solo
300 2203 412 2296 ipsius
431 2210 519 2273 nutu
541 2204 806 2297 perficiendum.
828 2204 958 2273 Adesse
974 2202 1040 2270 sibi

66 2317 221 2397 clerum,
251 2317 350 2386 illum
370 2319 505 2388 deesse.
529 2318 642 2388 Vitam
665 2317 701 2385 in
722 2339 763 2387 co
786 2339 886 2386 suam
906 2316 1038 2393 fixam,

69 2429 311 2500 miseresceret
335 2451 458 2499 eorum
482 2431 661 2500 :donaret
682 2451 759 2500 eam
798 2435 834 2498 et
860 2450 898 2498 se
924 2427 1041 2520 ipsum

69 2541 146 2610 illis.
160 2545 248 2610 Cum
262 2540 364 2610 dictis
379 2542 422 2610 ad
435 2543 543 2633 pedes
557 2563 672 2622 ruere,
690 2549 726 2611 et
740 2538 931 2632 refraganti
944 2559 1043 2608 exos·

69 2652 187 2721 culari.
203 2652 320 2722 Animi
334 2655 492 2744 pendens
507 2654 585 2736 ille,
603 2654 689 2746 quid
705 2654 740 2721 in
755 2675 797 2723 ea
811 2652 963 2731 diceret,
982 2657 1044 2719 aut

70 2763 187 2834 sileret
200 2787 319 2834 arena.
333 2766 427 2836 Dixit
442 2774 557 2837 tamen
573 2791 580 2834 :
599 2789 669 2836 non
685 2766 721 2835 in
732 2788 773 2836 eo
785 2788 859 2836 rem
875 2765 1040 2858 positam;

70 2876 180 2968 majus
193 2879 334 2971 pondus
348 2877 385 2946 in
400 2879 554 2948 Rutscio.
570 2881 685 2971 Atque
699 2899 779 2948 cum
792 2878 852 2947 hic
866 2898 1045 2946 moraren-

71 2991 136 3066 tur,
156 3009 221 3057 nec
240 2989 407 3080 iosaphat
421 2988 641 3069 flecteretur,
660 2989 696 3056 iu
716 2988 850 3057 acriora
875 3007 1045 3079 prorum-

70 3119 171 3187 pere,
195 3099 278 3168 vitae
298 3100 475 3182 minitari,
501 3108 537 3171 et
558 3100 704 3192 jamjam
737 3099 886 3168 irruere.
909 3097 1044 3189 Quippe

70 3212 177 3294 alius,
205 3220 246 3283 ut
267 3213 401 3284 exitum
424 3214 658 3307 praepediret,
684 3214 821 3283 foribus
848 3210 1042 3289 obseratis,

71 3327 206 3418 spirans
220 3327 422 3398 violentiam
436 3381 444 3408 ,
468 3327 504 3395 in
517 3327 638 3396 limine
654 3325 825 3396 constitit.
839 3322 907 3393 Alii
921 3323 991 3391 duo
1002 3321 1045 3390 ad

71 3438 138 3506 vim
151 3440 267 3532 passis
277 3439 433 3532 prompti
449 3439 624 3520 manibus,
643 3438 817 3506 hincinde
832 3457 914 3505 eum
929 3433 1047 3503 cinxe-

71 3556 163 3619 runt.
181 3552 226 3618 At
242 3549 316 3643 ipse
330 3573 338 3618 :
353 3549 389 3618 in
405 3550 545 3620 rotanti
561 3549 730 3618 momenti
746 3571 784 3620 se
799 3545 1045 3617 consulturum

71 3667 199 3740 Deum,
216 3671 252 3734 et
267 3666 345 3735 luce
361 3664 523 3757 sequenti
536 3683 802 3756 responsurum.
815 3659 1046 3752 Aequiescere

72 3776 213 3867 quidem
226 3777 305 3859 viri,
317 3778 378 3847 sed
394 3777 553 3869 adjecere
564 3800 572 3845 ε
585 3776 708 3845 sidere
722 3796 848 3843 manus
859 3773 1043 3852 abnueret,

72 3886 290 3958 hebdomade
309 3887 395 3968 ista,
414 3887 502 3957 urbe
517 3887 715 3958 decederet.

114 4001 264 4071 Rediens
300 4002 441 4070 taudem
470 4001 513 4069 ad
552 3998 826 4079 monasterium,
867 3997 1047 4067 Rutscium
1074 4005 1320 4115 fflfflssiiiif'h'fi

74 4133 150 4180 cum
166 4113 245 4182 aliis
258 4113 519 4184 consultantem
540 4113 692 4205 reperit,
714 4112 809 4204 quod
823 4112 896 4203 jam
912 4109 1049 4202 conspi-
