3259 5484
438 704 639 776 -109-‚-

60 860 156 941 tibus,
179 862 278 929 nullo
296 861 454 944 duetore,
479 863 623 932 domum
646 884 840 954 regressus.
865 868 903 933 ln
923 886 1024 933 oras-

60 972 162 1039 tiuum
173 994 304 1064 oorpus
313 973 479 1064 martyris
491 979 691 1054 veneratus,
707 973 883 1043 intensius
896 975 1020 1055 oravit,

58 1091 90 1152 et
100 1084 295 1176 perfeetum
309 1084 444 1175 recepit
459 1084 585 1153 visum.

94 1196 124 1265 3.
150 1202 222 1267 Hoe
249 1198 413 1289 exemplo
439 1198 570 1267 lemina
605 1199 764 1290 quaedam
796 1198 1019 1280 Polooensis,
1140 1198 1208 1251 ⁰³⁰⁸·

56 1308 197 1379 similem
218 1310 254 1378 in
267 1310 380 1379 oculis
394 1310 586 1380 eaeeitatem
601 1311 752 1403 patiens,
770 1314 893 1383 eodem
909 1313 1023 1383 eilieio

55 1440 130 1488 suos
145 1421 248 1489 tersit
262 1422 396 1501 oeulos,
415 1420 654 1512 continuoque
669 1423 863 1514 prospexit.

92 1534 122 1600 l.
147 1534 292 1614 Mariua,
307 1533 1019 1626 eivisitidemPolooensis,quatuordecim
1049 1548 1155 1587 wulfun
1183 1544 1210 1587 ¹⁴
1233 1546 1293 1589 ποῖ·

54 1663 218 1713 annorum
239 1645 344 1724 serie,
362 1644 513 1736 pedibus
535 1650 725 1725 eontracta,
748 1644 784 1713 in
802 1648 1021 1717 xenodochio
1124 1612 1218 1650 'mm'

53 1761 185 1844 patrum
212 1756 398 1825 Societatis
422 1760 503 1824 lesu
526 1754 650 1845 jacuit,
682 1761 719 1824 et
743 1758 957 1849 quandoque
977 1761 1020 1830 ad

53 1866 229 1935 eeclesiam
244 1867 408 1959 reptavit.
429 1866 480 1935 Ad
500 1865 702 1957 sepulerum
718 1868 883 1958 martyris
901 1870 1017 1950 allata,

52 1979 302 2072 paululumque
340 1979 461 2050 effusis
489 1984 631 2070 precata
671 1979 859 2071 lacrymis,
893 1983 1021 2052 erectis

52 2089 203 2158 constitit
219 2089 369 2182 pedibus
385 2113 392 2158 :
407 2110 490 2157 mox
506 2088 581 2157 sine
603 2088 675 2157 ullo
691 2090 837 2159 duetore
863 2099 900 2160 et
918 2092 1019 2161 luloi-

53 2205 173 2280 mento,
192 2202 237 2269 de
252 2189 384 2280 monte,
401 2200 436 2266 in
454 2220 524 2291 quo
543 2198 721 2279 cathedra,
741 2201 1016 2271 deseenditalto.

52 2315 186 2384 lluahus
197 2324 280 2408 post
293 2315 499 2408 septimanis
513 2313 640 2383 marito
649 2314 783 2405 juncta,
800 2316 922 2385 multis
936 2340 1019 2387 sana

52 2428 241 2516 supervixit
254 2427 368 2495 annis.

89 2536 120 2605 5.
144 2542 220 2607 Non
236 2538 312 2608 sine
328 2536 559 2608 admiratione
579 2534 647 2603 luit
666 2534 851 2617 universis,
871 2538 1019 2630 sangui·
1046 2556 1136 2611 sigua
1150 2560 1290 2615 supraso-

52 2668 123 2716 nem
135 2650 302 2743 martyris
316 2673 337 2719 a
349 2671 435 2718 nece
447 2670 511 2740 per
525 2670 656 2716 annum
670 2654 706 2717 et
716 2669 856 2719 menses
869 2650 1014 2743 aliquot,
1082 2620 1164 2673 ‘'⁹¹¹⁸‘'
1178 2624 1253 2664 ''¹¹⁶⁰‘'

52 2761 261 2833 deuoluere
294 2762 432 2855 eapitis,
468 2761 535 2829 sub
568 2760 699 2853 frigora
726 2761 832 2830 etiam
865 2764 1017 2832 multum

51 2871 205 2953 intensa,
242 2874 397 2943 ubertim
420 2870 642 2939 manavisse:
664 2870 811 2939 forsitan
841 2880 881 2942 ut
906 2878 1017 2944 Deum

51 2983 227 3054 Dominum
247 2982 415 3075 placaret,
441 2984 733 3050 converterentur
757 2982 950 3072 parrieidae,
982 2990 1018 3053 et

50 3094 180 3162 veniam
195 3094 339 3162 sceleris
353 3093 568 3163 obtinerent.

87 3204 117 3273 ll.
145 3208 278 3298 Agatha
291 3206 482 3285 Rusovska,
499 3206 661 3275 monialis
671 3206 870 3278 Poloeensis
881 3227 1018 3276 monas·
1117 3259 1214 3309 ,odim

50 3316 1016 3409 teriidiviBasilii,pedumusudestituta,neequidquam

48 3428 217 3514 incedens,
237 3431 491 3501 intercessione
505 3432 669 3523 martyris
685 3454 769 3501 sana
779 3432 872 3500 laeta
884 3439 949 3504 est.

87 3544 116 3611 7.
144 3543 175 3612 8.
201 3543 335 3613 Nobilis
348 3545 528 3613 Theodora
538 3544 727 3621 Volkovna,
743 3548 843 3613 Lueae
857 3544 1017 3612 Rozanka
1044 3606 1113 3661 “pm
1126 3606 1152 3648 Η
1166 3607 1288 3661 ,spumam

48 3654 179 3745 conjux,
206 3676 287 3723 oum
314 3654 386 3722 filio
408 3658 541 3723 loanne
564 3655 735 3734 Rozanka,
754 3652 879 3745 eapitis
897 3654 1015 3725 dolore
1043 3668 1286 3713 insanissimae.

48 3764 307 3853 quatuordecim
324 3763 530 3855 septimanis
551 3764 762 3843 laborantes,
789 3785 893 3854 aquo
914 3764 1017 3856 peri-

48 3874 157 3943 eulum
174 3875 273 3943 visus
288 3874 474 3943 amittendi
488 3874 722 3954 incurrerant,
741 3872 957 3965 refugientes
972 3876 1016 3944 ad

48 3989 203 4080 martyris
232 3989 455 4079 sepulerum,
488 3988 638 4057 sanitate
665 3986 809 4067 donati,
844 3986 904 4055 illa
929 3987 1016 4057 toul

48 4118 143 4180 anno,
162 4100 231 4169 iste
248 4097 347 4167 1626.
