<?xml version="1.0" encoding="UTF-8"?>
<!DOCTYPE html PUBLIC "-//W3C//DTD XHTML 1.0 Transitional//EN"
    "http://www.w3.org/TR/xhtml1/DTD/xhtml1-transitional.dtd">
<html xmlns="http://www.w3.org/1999/xhtml" xml:lang="en" lang="en">
 <head>
  <title>
</title>
<meta http-equiv="Content-Type" content="text/html;charset=utf-8" />
  <meta name='ocr-system' content='tesseract 3.04.00' />
  <meta name='ocr-capabilities' content='ocr_page ocr_carea ocr_par ocr_line ocrx_word'/>
</head>
<body>
  <div class='ocr_page' id='page_1' title='image "./cursusvitetcert00martgoog_0233.png"; bbox 0 0 3259 5484; ppageno 0'>
   <div class='ocr_carea' id='block_1_1' title="bbox 574 1336 604 1375">
    <p class='ocr_par' dir='ltr' id='par_1_1' title="bbox 574 1336 604 1375">
     <span class='ocr_line' id='line_1_1' title="bbox 574 1336 604 1375; baseline 0.033 -1"><span class='ocrx_word' id='word_1_1' title='bbox 574 1336 604 1375; x_wconf 75' lang='grc' dir='ltr'>ΕΤ</span> 
     </span>
    </p>
   </div>
   <div class='ocr_carea' id='block_1_2' title="bbox 324 1551 851 1643">
    <p class='ocr_par' dir='ltr' id='par_1_2' title="bbox 324 1551 851 1643">
     <span class='ocr_line' id='line_1_2' title="bbox 324 1551 851 1643; baseline -0.021 -2"><span class='ocrx_word' id='word_1_2' title='bbox 324 1551 851 1643; x_wconf 86' lang='lat' dir='ltr'><strong>EMENDANDA.</strong></span> 
     </span>
    </p>
   </div>
   <div class='ocr_carea' id='block_1_3' title="bbox 512 1810 656 1821">
    <p class='ocr_par' dir='ltr' id='par_1_3' title="bbox 512 1810 656 1821">
     <span class='ocr_line' id='line_1_3' title="bbox 512 1810 656 1821; baseline 0 0"><span class='ocrx_word' id='word_1_3' title='bbox 512 1810 656 1821; x_wconf 67' lang='lat' dir='ltr'>..n—-</span> 
     </span>
    </p>
   </div>
   <div class='ocr_carea' id='block_1_4' title="bbox 157 2081 1349 2169">
    <p class='ocr_par' dir='ltr' id='par_1_4' title="bbox 157 2081 1349 2169">
     <span class='ocr_line' id='line_1_4' title="bbox 157 2081 1349 2169; baseline 0.006 -22"><span class='ocrx_word' id='word_1_4' title='bbox 157 2081 319 2151; x_wconf 82' lang='lat' dir='ltr'>Stenislnus</span> <span class='ocrx_word' id='word_1_5' title='bbox 332 2086 492 2162; x_wconf 85' lang='lat' dir='ltr'>Kosinski,</span> <span class='ocrx_word' id='word_1_6' title='bbox 509 2088 628 2169; x_wconf 90' lang='lat' dir='ltr'>dequo</span> <span class='ocrx_word' id='word_1_7' title='bbox 647 2105 751 2149; x_wconf 86' lang='lat' dir='ltr'>sermo</span> <span class='ocrx_word' id='word_1_8' title='bbox 763 2086 882 2169; x_wconf 87' lang='lat' dir='ltr'>pluries</span> <span class='ocrx_word' id='word_1_9' title='bbox 896 2086 967 2149; x_wconf 92' lang='lat' dir='ltr'>heic</span> <span class='ocrx_word' id='word_1_10' title='bbox 979 2105 1079 2149; x_wconf 84' lang='lat' dir='ltr'>recur-</span> <span class='ocrx_word' id='word_1_11' title='bbox 1105 2094 1138 2139; x_wconf 74' lang='lat' dir='ltr'>Ad</span> <span class='ocrx_word' id='word_1_12' title='bbox 1148 2110 1198 2153; x_wconf 68' lang='lat' dir='ltr'>rua·</span> <span class='ocrx_word' id='word_1_13' title='bbox 1212 2098 1274 2148; x_wconf 65' lang='lat' dir='ltr'>l11¹¹·</span> <span class='ocrx_word' id='word_1_14' title='bbox 1288 2096 1349 2153; x_wconf 70' lang='lat' dir='ltr'>pret.</span> 
     </span>
    </p>
   </div>
   <div class='ocr_carea' id='block_1_5' title="bbox 1134 2161 1350 2205">
    <p class='ocr_par' dir='ltr' id='par_1_5' title="bbox 1134 2161 1350 2205">
     <span class='ocr_line' id='line_1_5' title="bbox 1134 2161 1350 2205; baseline -0.005 -1"><span class='ocrx_word' id='word_1_15' title='bbox 1134 2162 1165 2204; x_wconf 85' lang='lat' dir='ltr'>De</span> <span class='ocrx_word' id='word_1_16' title='bbox 1191 2162 1217 2205; x_wconf 85' lang='lat' dir='ltr'>P.</span> <span class='ocrx_word' id='word_1_17' title='bbox 1245 2161 1350 2204; x_wconf 70' lang='lat' dir='ltr'>Stanislao</span> 
     </span>
    </p>
   </div>
   <div class='ocr_carea' id='block_1_6' title="bbox 127 2189 1304 2274">
    <p class='ocr_par' dir='ltr' id='par_1_6' title="bbox 127 2189 1304 2274">
     <span class='ocr_line' id='line_1_6' title="bbox 127 2189 1304 2274; baseline 0.007 -29"><span class='ocrx_word' id='word_1_18' title='bbox 127 2193 243 2260; x_wconf 65' lang='lat' dir='ltr'>iecerat</span> <span class='ocrx_word' id='word_1_19' title='bbox 252 2192 381 2255; x_wconf 81' lang='lat' dir='ltr'>natione</span> <span class='ocrx_word' id='word_1_20' title='bbox 393 2192 540 2274; x_wconf 87' lang='lat' dir='ltr'>polonus,</span> <span class='ocrx_word' id='word_1_21' title='bbox 550 2192 653 2273; x_wconf 83' lang='lat' dir='ltr'>patria</span> <span class='ocrx_word' id='word_1_22' title='bbox 663 2189 932 2263; x_wconf 83' lang='lat' dir='ltr'>blazovita,trium</span> <span class='ocrx_word' id='word_1_23' title='bbox 945 2190 1080 2252; x_wconf 83' lang='lat' dir='ltr'>aliorum</span> <span class='ocrx_word' id='word_1_24' title='bbox 1132 2221 1304 2269; x_wconf 46' lang='lat' dir='ltr'>pamas,</span> 
     </span>
    </p>
   </div>
   <div class='ocr_carea' id='block_1_7' title="bbox 125 2285 1078 2375">
    <p class='ocr_par' dir='ltr' id='par_1_7' title="bbox 125 2285 1078 2375">
     <span class='ocr_line' id='line_1_7' title="bbox 125 2285 1078 2375; baseline 0.001 -21"><span class='ocrx_word' id='word_1_25' title='bbox 125 2285 157 2348; x_wconf 79' lang='lat' dir='ltr'>de</span> <span class='ocrx_word' id='word_1_26' title='bbox 168 2290 310 2359; x_wconf 81' lang='lat' dir='ltr'>Societate</span> <span class='ocrx_word' id='word_1_27' title='bbox 325 2313 550 2375; x_wconf 81' lang='lat' dir='ltr'>germanorum</span> <span class='ocrx_word' id='word_1_28' title='bbox 562 2294 667 2356; x_wconf 84' lang='lat' dir='ltr'>frater.</span> <span class='ocrx_word' id='word_1_29' title='bbox 680 2296 744 2355; x_wconf 90' lang='lat' dir='ltr'>Deo</span> <span class='ocrx_word' id='word_1_30' title='bbox 757 2293 790 2354; x_wconf 92' lang='lat' dir='ltr'>iu</span> <span class='ocrx_word' id='word_1_31' title='bbox 809 2293 962 2355; x_wconf 85' lang='lat' dir='ltr'>Societate</span> <span class='ocrx_word' id='word_1_32' title='bbox 976 2310 1008 2355; x_wconf 90' lang='lat' dir='ltr'>se</span> <span class='ocrx_word' id='word_1_33' title='bbox 1027 2292 1078 2355; x_wconf 94' lang='lat' dir='ltr'>di-</span> 
     </span>
    </p>
   </div>
   <div class='ocr_carea' id='block_1_8' title="bbox 32 2400 1083 3625">
    <p class='ocr_par' dir='ltr' id='par_1_8' title="bbox 32 2400 1083 3625">
     <span class='ocr_line' id='line_1_8' title="bbox 124 2400 1079 2484; baseline 0.01 -29"><span class='ocrx_word' id='word_1_34' title='bbox 124 2400 193 2461; x_wconf 80' lang='lat' dir='ltr'>cauit</span> <span class='ocrx_word' id='word_1_35' title='bbox 203 2420 283 2467; x_wconf 86' lang='lat' dir='ltr'>anuo</span> <span class='ocrx_word' id='word_1_36' title='bbox 297 2405 408 2467; x_wconf 83' lang='lat' dir='ltr'>salutis</span> <span class='ocrx_word' id='word_1_37' title='bbox 420 2408 514 2479; x_wconf 68' lang='lat'><strong>1602,</strong></span> <span class='ocrx_word' id='word_1_38' title='bbox 528 2404 628 2467; x_wconf 84' lang='lat' dir='ltr'>aetatis</span> <span class='ocrx_word' id='word_1_39' title='bbox 647 2403 771 2466; x_wconf 90' lang='lat' dir='ltr'>decimo</span> <span class='ocrx_word' id='word_1_40' title='bbox 788 2402 912 2484; x_wconf 91' lang='lat' dir='ltr'>quinto.</span> <span class='ocrx_word' id='word_1_41' title='bbox 928 2402 983 2466; x_wconf 86' lang='lat' dir='ltr'>Vir</span> <span class='ocrx_word' id='word_1_42' title='bbox 1004 2420 1079 2483; x_wconf 80' lang='lat' dir='ltr'>gra-</span> 
     </span>
     <span class='ocr_line' id='line_1_9' title="bbox 125 2499 1079 2588; baseline 0.008 -30"><span class='ocrx_word' id='word_1_43' title='bbox 125 2499 178 2575; x_wconf 82' lang='lat' dir='ltr'>vis,</span> <span class='ocrx_word' id='word_1_44' title='bbox 192 2506 325 2581; x_wconf 74' lang='lat' dir='ltr'>zelatus,</span> <span class='ocrx_word' id='word_1_45' title='bbox 347 2507 466 2581; x_wconf 89' lang='lat' dir='ltr'>serius,</span> <span class='ocrx_word' id='word_1_46' title='bbox 489 2507 676 2587; x_wconf 81' lang='lat' dir='ltr'>gubernavit</span> <span class='ocrx_word' id='word_1_47' title='bbox 692 2506 824 2586; x_wconf 82' lang='lat' dir='ltr'>collegia</span> <span class='ocrx_word' id='word_1_48' title='bbox 844 2506 1034 2588; x_wconf 83' lang='lat' dir='ltr'>Derpatense</span> <span class='ocrx_word' id='word_1_49' title='bbox 1047 2506 1079 2567; x_wconf 94' lang='lat' dir='ltr'>in</span> 
     </span>
     <span class='ocr_line' id='line_1_10' title="bbox 125 2600 1077 2690; baseline 0.006 -28"><span class='ocrx_word' id='word_1_50' title='bbox 125 2600 237 2670; x_wconf 84' lang='lat' dir='ltr'>livonia</span> <span class='ocrx_word' id='word_1_51' title='bbox 254 2618 286 2671; x_wconf 92' lang='lat' dir='ltr'>et</span> <span class='ocrx_word' id='word_1_52' title='bbox 303 2609 472 2672; x_wconf 88' lang='lat' dir='ltr'>Poloeense</span> <span class='ocrx_word' id='word_1_53' title='bbox 491 2610 524 2669; x_wconf 94' lang='lat' dir='ltr'>in</span> <span class='ocrx_word' id='word_1_54' title='bbox 543 2608 622 2670; x_wconf 83' lang='lat' dir='ltr'>hibe</span> <span class='ocrx_word' id='word_1_55' title='bbox 638 2608 759 2671; x_wconf 80' lang='lat' dir='ltr'>Russia.</span> <span class='ocrx_word' id='word_1_56' title='bbox 784 2607 937 2690; x_wconf 80' lang='lat' dir='ltr'>Tempore</span> <span class='ocrx_word' id='word_1_57' title='bbox 958 2608 1077 2689; x_wconf 88' lang='lat' dir='ltr'>pestis,</span> 
     </span>
     <span class='ocr_line' id='line_1_11' title="bbox 125 2710 1080 2794; baseline 0.004 -25"><span class='ocrx_word' id='word_1_58' title='bbox 125 2724 184 2785; x_wconf 79' lang='lat' dir='ltr'>quc</span> <span class='ocrx_word' id='word_1_59' title='bbox 196 2730 278 2776; x_wconf 80' lang='lat' dir='ltr'>anno</span> <span class='ocrx_word' id='word_1_60' title='bbox 301 2717 381 2775; x_wconf 80' lang='lat' dir='ltr'>lo30</span> <span class='ocrx_word' id='word_1_61' title='bbox 398 2712 673 2789; x_wconf 80' lang='lat' dir='ltr'>saevicbatVilnae‚</span> <span class='ocrx_word' id='word_1_62' title='bbox 690 2720 802 2794; x_wconf 90' lang='lat' dir='ltr'>sponte</span> <span class='ocrx_word' id='word_1_63' title='bbox 822 2712 938 2774; x_wconf 82' lang='lat' dir='ltr'>mansit</span> <span class='ocrx_word' id='word_1_64' title='bbox 961 2710 1080 2773; x_wconf 85' lang='lat' dir='ltr'>ibidem</span> 
     </span>
     <span class='ocr_line' id='line_1_12' title="bbox 124 2814 1080 2897; baseline 0.002 -23"><span class='ocrx_word' id='word_1_65' title='bbox 124 2826 185 2874; x_wconf 80' lang='lat' dir='ltr'>eum</span> <span class='ocrx_word' id='word_1_66' title='bbox 195 2814 332 2891; x_wconf 81' lang='lat' dir='ltr'>Andrea,</span> <span class='ocrx_word' id='word_1_67' title='bbox 350 2815 445 2878; x_wconf 85' lang='lat' dir='ltr'>fratre</span> <span class='ocrx_word' id='word_1_68' title='bbox 457 2834 532 2890; x_wconf 91' lang='lat' dir='ltr'>suo,</span> <span class='ocrx_word' id='word_1_69' title='bbox 549 2814 589 2877; x_wconf 88' lang='lat' dir='ltr'>ad</span> <span class='ocrx_word' id='word_1_70' title='bbox 603 2816 765 2897; x_wconf 84' lang='lat' dir='ltr'>proximos</span> <span class='ocrx_word' id='word_1_71' title='bbox 775 2814 933 2897; x_wconf 84' lang='lat' dir='ltr'>juvandos</span> <span class='ocrx_word' id='word_1_72' title='bbox 939 2834 948 2890; x_wconf 88' lang='lat'>;</span> <span class='ocrx_word' id='word_1_73' title='bbox 960 2833 1080 2896; x_wconf 88' lang='lat' dir='ltr'>quum-</span> 
     </span>
     <span class='ocr_line' id='line_1_13' title="bbox 123 2914 1080 2989; baseline 0.005 -18"><span class='ocrx_word' id='word_1_74' title='bbox 123 2927 175 2989; x_wconf 86' lang='lat' dir='ltr'>que</span> <span class='ocrx_word' id='word_1_75' title='bbox 187 2914 216 2977; x_wconf 90' lang='lat' dir='ltr'>P.</span> <span class='ocrx_word' id='word_1_76' title='bbox 233 2916 372 2978; x_wconf 77' lang='lat' dir='ltr'>Andreas</span> <span class='ocrx_word' id='word_1_77' title='bbox 386 2916 567 2979; x_wconf 82' lang='lat' dir='ltr'>llosinscius</span> <span class='ocrx_word' id='word_1_78' title='bbox 585 2915 618 2976; x_wconf 90' lang='lat' dir='ltr'>in</span> <span class='ocrx_word' id='word_1_79' title='bbox 633 2916 694 2977; x_wconf 90' lang='lat' dir='ltr'>hoc</span> <span class='ocrx_word' id='word_1_80' title='bbox 706 2933 795 2977; x_wconf 80' lang='lat' dir='ltr'>sacro</span> <span class='ocrx_word' id='word_1_81' title='bbox 810 2916 985 2979; x_wconf 89' lang='lat' dir='ltr'>ministerio</span> <span class='ocrx_word' id='word_1_82' title='bbox 997 2916 1080 2977; x_wconf 88' lang='lat' dir='ltr'>ceci-</span> 
     </span>
     <span class='ocr_line' id='line_1_14' title="bbox 123 3012 1079 3103; baseline 0.001 -24"><span class='ocrx_word' id='word_1_83' title='bbox 123 3012 220 3095; x_wconf 85' lang='lat' dir='ltr'>disset,</span> <span class='ocrx_word' id='word_1_84' title='bbox 246 3022 311 3103; x_wconf 88' lang='lat' dir='ltr'>ipse</span> <span class='ocrx_word' id='word_1_85' title='bbox 332 3019 442 3082; x_wconf 81' lang='lat' dir='ltr'>divina</span> <span class='ocrx_word' id='word_1_86' title='bbox 461 3038 523 3102; x_wconf 91' lang='lat' dir='ltr'>ope</span> <span class='ocrx_word' id='word_1_87' title='bbox 548 3018 589 3081; x_wconf 84' lang='lat' dir='ltr'>ad</span> <span class='ocrx_word' id='word_1_88' title='bbox 613 3019 762 3081; x_wconf 81' lang='lat' dir='ltr'>ulteriora</span> <span class='ocrx_word' id='word_1_89' title='bbox 787 3018 899 3081; x_wconf 85' lang='lat' dir='ltr'>merite</span> <span class='ocrx_word' id='word_1_90' title='bbox 920 3026 1079 3094; x_wconf 83' lang='lat' dir='ltr'>servatus,</span> 
     </span>
     <span class='ocr_line' id='line_1_15' title="bbox 123 3120 1078 3205; baseline 0.005 -26"><span class='ocrx_word' id='word_1_91' title='bbox 123 3120 252 3201; x_wconf 84' lang='lat' dir='ltr'>religiose</span> <span class='ocrx_word' id='word_1_92' title='bbox 273 3125 405 3187; x_wconf 84' lang='lat' dir='ltr'>decessit</span> <span class='ocrx_word' id='word_1_93' title='bbox 427 3124 570 3196; x_wconf 76' lang='lat' dir='ltr'>besselii,</span> <span class='ocrx_word' id='word_1_94' title='bbox 599 3123 631 3184; x_wconf 93' lang='lat' dir='ltr'>in</span> <span class='ocrx_word' id='word_1_95' title='bbox 653 3124 793 3198; x_wconf 82' lang='lat' dir='ltr'>Prussia,</span> <span class='ocrx_word' id='word_1_96' title='bbox 820 3123 871 3189; x_wconf 82' lang='lat' dir='ltr'>die</span> <span class='ocrx_word' id='word_1_97' title='bbox 892 3128 932 3185; x_wconf 74' lang='lat'>22</span> <span class='ocrx_word' id='word_1_98' title='bbox 951 3124 1078 3205; x_wconf 86' lang='lat' dir='ltr'>aprilis,</span> 
     </span>
     <span class='ocr_line' id='line_1_16' title="bbox 122 3225 1081 3309; baseline 0.004 -27"><span class='ocrx_word' id='word_1_99' title='bbox 122 3239 196 3289; x_wconf 85' lang='lat' dir='ltr'>enno</span> <span class='ocrx_word' id='word_1_100' title='bbox 209 3233 285 3291; x_wconf 75' lang='lat'>1657</span> <span class='ocrx_word' id='word_1_101' title='bbox 290 3278 297 3290; x_wconf 88' lang='lat'><strong>.</strong></span> <span class='ocrx_word' id='word_1_102' title='bbox 318 3228 364 3291; x_wconf 84' lang='lat' dir='ltr'>lta</span> <span class='ocrx_word' id='word_1_103' title='bbox 384 3226 448 3289; x_wconf 83' lang='lat' dir='ltr'>iere</span> <span class='ocrx_word' id='word_1_104' title='bbox 461 3227 621 3290; x_wconf 86' lang='lat' dir='ltr'>Sotuellus</span> <span class='ocrx_word' id='word_1_105' title='bbox 641 3225 674 3287; x_wconf 92' lang='lat' dir='ltr'>in</span> <span class='ocrx_word' id='word_1_106' title='bbox 701 3226 885 3289; x_wconf 70' lang='lat' dir='ltr'>Bibliotheca</span> <span class='ocrx_word' id='word_1_107' title='bbox 907 3228 1081 3309; x_wconf 75' lang='lat' dir='ltr'>scriptoram</span> 
     </span>
     <span class='ocr_line' id='line_1_17' title="bbox 32 3328 1083 3420; baseline 0.001 -26"><span class='ocrx_word' id='word_1_108' title='bbox 32 3339 33 3420; x_wconf 34' lang='lat' dir='ltr'>q</span> <span class='ocrx_word' id='word_1_109' title='bbox 122 3328 266 3398; x_wconf 75' lang='lat' dir='ltr'>Societetit</span> <span class='ocrx_word' id='word_1_110' title='bbox 279 3336 359 3398; x_wconf 76' lang='lat' dir='ltr'>lesa.</span> <span class='ocrx_word' id='word_1_111' title='bbox 371 3335 567 3418; x_wconf 87' lang='lat' dir='ltr'>Opuseulum</span> <span class='ocrx_word' id='word_1_112' title='bbox 579 3352 667 3405; x_wconf 86' lang='lat' dir='ltr'>vero,</span> <span class='ocrx_word' id='word_1_113' title='bbox 684 3334 832 3416; x_wconf 87' lang='lat' dir='ltr'>polonico</span> <span class='ocrx_word' id='word_1_114' title='bbox 848 3334 996 3397; x_wconf 87' lang='lat' dir='ltr'>idiomate</span> <span class='ocrx_word' id='word_1_115' title='bbox 1010 3333 1083 3396; x_wconf 92' lang='lat' dir='ltr'>deli·</span> 
     </span>
     <span class='ocr_line' id='line_1_18' title="bbox 32 3431 1083 3519; baseline -0.005 -15"><span class='ocrx_word' id='word_1_116' title='bbox 32 3431 33 3504; x_wconf 55' lang='grc' dir='ltr'>ἶ</span> <span class='ocrx_word' id='word_1_117' title='bbox 122 3444 257 3513; x_wconf 74' lang='lat' dir='ltr'>netum,</span> <span class='ocrx_word' id='word_1_118' title='bbox 274 3438 314 3500; x_wconf 93' lang='lat' dir='ltr'>de</span> <span class='ocrx_word' id='word_1_119' title='bbox 325 3436 535 3519; x_wconf 82' lang='lat' dir='ltr'>quotacobus</span> <span class='ocrx_word' id='word_1_120' title='bbox 546 3438 658 3511; x_wconf 70' lang='lat' dir='ltr'>Sosia,</span> <span class='ocrx_word' id='word_1_121' title='bbox 675 3446 858 3518; x_wconf 90' lang='lat' dir='ltr'>sequentem</span> <span class='ocrx_word' id='word_1_122' title='bbox 873 3436 1001 3500; x_wconf 92' lang='lat' dir='ltr'>titulum</span> <span class='ocrx_word' id='word_1_123' title='bbox 1018 3456 1083 3519; x_wconf 86' lang='lat' dir='ltr'>pree</span> 
     </span>
     <span class='ocr_line' id='line_1_19' title="bbox 122 3537 1082 3625; baseline 0.003 -26"><span class='ocrx_word' id='word_1_124' title='bbox 122 3552 149 3595; x_wconf 85' lang='lat' dir='ltr'>se</span> <span class='ocrx_word' id='word_1_125' title='bbox 159 3537 236 3604; x_wconf 86' lang='lat' dir='ltr'>lert:</span> <span class='ocrx_word' id='word_1_126' title='bbox 262 3542 331 3605; x_wconf 87' lang='lat' dir='ltr'>Vita</span> <span class='ocrx_word' id='word_1_127' title='bbox 345 3551 374 3604; x_wconf 87' lang='lat' dir='ltr'>et</span> <span class='ocrx_word' id='word_1_128' title='bbox 385 3543 566 3624; x_wconf 80' lang='lat' dir='ltr'>martyrium</span> <span class='ocrx_word' id='word_1_129' title='bbox 583 3543 619 3603; x_wconf 94' lang='lat' dir='ltr'>B.</span> <span class='ocrx_word' id='word_1_130' title='bbox 634 3542 793 3624; x_wconf 70' lang='lat' dir='ltr'>iosaphat,</span> <span class='ocrx_word' id='word_1_131' title='bbox 811 3543 939 3625; x_wconf 79' lang='lat' dir='ltr'>episcopi</span> <span class='ocrx_word' id='word_1_132' title='bbox 952 3550 981 3604; x_wconf 88' lang='lat' dir='ltr'>ct</span> <span class='ocrx_word' id='word_1_133' title='bbox 1000 3562 1082 3603; x_wconf 85' lang='lat' dir='ltr'>mar-</span> 
     </span>
    </p>
   </div>
   <div class='ocr_carea' id='block_1_9' title="bbox 32 3643 1084 3726">
    <p class='ocr_par' dir='ltr' id='par_1_9' title="bbox 32 3643 1084 3726">
     <span class='ocr_line' id='line_1_20' title="bbox 32 3643 1084 3726; baseline 0.009 -26"><span class='ocrx_word' id='word_1_134' title='bbox 32 3643 33 3666; x_wconf 64' lang='lat'><em>*</em></span> <span class='ocrx_word' id='word_1_135' title='bbox 122 3644 191 3718; x_wconf 77' lang='lat' dir='ltr'>tyris</span> <span class='ocrx_word' id='word_1_136' title='bbox 203 3694 210 3723; x_wconf 90' lang='lat'>,</span> <span class='ocrx_word' id='word_1_137' title='bbox 224 3646 329 3726; x_wconf 77' lang='lat' dir='ltr'>diffuse</span> <span class='ocrx_word' id='word_1_138' title='bbox 345 3645 496 3707; x_wconf 82' lang='lat' dir='ltr'>collectae</span> <span class='ocrx_word' id='word_1_139' title='bbox 511 3646 549 3707; x_wconf 92' lang='lat' dir='ltr'>P.</span> <span class='ocrx_word' id='word_1_140' title='bbox 565 3645 720 3707; x_wconf 78' lang='lat' dir='ltr'>Stoaialao</span> <span class='ocrx_word' id='word_1_141' title='bbox 734 3647 876 3709; x_wconf 82' lang='lat' dir='ltr'>Kasihshi</span> <span class='ocrx_word' id='word_1_142' title='bbox 889 3648 923 3709; x_wconf 89' lang='lat' dir='ltr'>S.</span> <span class='ocrx_word' id='word_1_143' title='bbox 941 3648 986 3725; x_wconf 84' lang='lat' dir='ltr'>J.,</span> <span class='ocrx_word' id='word_1_144' title='bbox 1008 3668 1084 3709; x_wconf 75' lang='lat' dir='ltr'>abac</span> 
     </span>
    </p>
   </div>
   <div class='ocr_carea' id='block_1_10' title="bbox 32 3744 1085 3932">
    <p class='ocr_par' dir='ltr' id='par_1_10' title="bbox 32 3744 1085 3932">
     <span class='ocr_line' id='line_1_21' title="bbox 32 3744 1084 3852; baseline 0.01 -51"><span class='ocrx_word' id='word_1_145' title='bbox 32 3833 33 3852; x_wconf 13' lang='grc' dir='ltr'><strong>Χ</strong></span> <span class='ocrx_word' id='word_1_146' title='bbox 120 3744 339 3813; x_wconf 76' lang='lat' dir='ltr'>adcommahem</span> <span class='ocrx_word' id='word_1_147' title='bbox 361 3750 495 3832; x_wconf 79' lang='lat' dir='ltr'>fideliam</span> <span class='ocrx_word' id='word_1_148' title='bbox 519 3749 742 3831; x_wconf 71' lang='lat' dir='ltr'>edificationem</span> <span class='ocrx_word' id='word_1_149' title='bbox 758 3750 886 3812; x_wconf 81' lang='lat' dir='ltr'>breviter</span> <span class='ocrx_word' id='word_1_150' title='bbox 901 3751 982 3833; x_wconf 76' lang='lat' dir='ltr'>typis</span> <span class='ocrx_word' id='word_1_151' title='bbox 1005 3751 1084 3813; x_wconf 82' lang='lat' dir='ltr'>edita</span> 
     </span>
     <span class='ocr_line' id='line_1_22' title="bbox 32 3850 1085 3932; baseline 0.009 -27"><span class='ocrx_word' id='word_1_152' title='bbox 32 3873 33 3918; x_wconf 79' lang='lat'>3</span> <span class='ocrx_word' id='word_1_153' title='bbox 121 3854 268 3930; x_wconf 76' lang='lat' dir='ltr'>aquodam</span> <span class='ocrx_word' id='word_1_154' title='bbox 286 3850 432 3914; x_wconf 78' lang='lat' dir='ltr'>sacerdote</span> <span class='ocrx_word' id='word_1_155' title='bbox 446 3851 574 3932; x_wconf 80' lang='lat' dir='ltr'>ejusdem</span> <span class='ocrx_word' id='word_1_156' title='bbox 599 3850 768 3912; x_wconf 84' lang='lat' dir='ltr'>Societotis.</span> <span class='ocrx_word' id='word_1_157' title='bbox 781 3852 900 3927; x_wconf 85' lang='lat' dir='ltr'>Vilnae,</span> <span class='ocrx_word' id='word_1_158' title='bbox 926 3856 1015 3915; x_wconf 75' lang='lat'><strong>1665.</strong></span> <span class='ocrx_word' id='word_1_159' title='bbox 1040 3852 1085 3915; x_wconf 85' lang='lat' dir='ltr'>lta</span> 
     </span>
    </p>
   </div>
   <div class='ocr_carea' id='block_1_11' title="bbox 32 3953 1085 4044">
    <p class='ocr_par' dir='ltr' id='par_1_11' title="bbox 32 3953 1085 4044">
     <span class='ocr_line' id='line_1_23' title="bbox 32 3953 1085 4044; baseline 0.004 -27"><span class='ocrx_word' id='word_1_160' title='bbox 32 3969 33 3972; x_wconf 74' lang='grc'>’</span> <span class='ocrx_word' id='word_1_161' title='bbox 121 3953 152 4017; x_wconf 84' lang='lat' dir='ltr'>lt.</span> <span class='ocrx_word' id='word_1_162' title='bbox 167 3959 197 4021; x_wconf 90' lang='lat' dir='ltr'>P.</span> <span class='ocrx_word' id='word_1_163' title='bbox 211 3962 367 4044; x_wconf 84' lang='lat' dir='ltr'>losephus</span> <span class='ocrx_word' id='word_1_164' title='bbox 380 3963 493 4023; x_wconf 87' lang='lat' dir='ltr'>Brown</span> <span class='ocrx_word' id='word_1_165' title='bbox 509 3968 578 4022; x_wconf 92' lang='lat' dir='ltr'>tum</span> <span class='ocrx_word' id='word_1_166' title='bbox 590 3958 623 4019; x_wconf 90' lang='lat' dir='ltr'>in</span> <span class='ocrx_word' id='word_1_167' title='bbox 637 3958 824 4020; x_wconf 77' lang='lat' dir='ltr'>Bibliotheca</span> <span class='ocrx_word' id='word_1_168' title='bbox 838 3960 1016 4041; x_wconf 82' lang='lat' dir='ltr'>scriptoram</span> <span class='ocrx_word' id='word_1_169' title='bbox 1029 3981 1085 4021; x_wconf 86' lang='lat' dir='ltr'>ao-</span> 
     </span>
    </p>
   </div>
   <div class='ocr_carea' id='block_1_12' title="bbox 32 4061 1086 4145">
    <p class='ocr_par' dir='ltr' id='par_1_12' title="bbox 32 4061 1086 4145">
     <span class='ocr_line' id='line_1_24' title="bbox 32 4061 1086 4145; baseline -0.001 -17"><span class='ocrx_word' id='word_1_170' title='bbox 32 4061 33 4128; x_wconf 79' lang='lat'>}</span> <span class='ocrx_word' id='word_1_171' title='bbox 120 4067 240 4125; x_wconf 75' lang='lat' dir='ltr'>atrorum</span> <span class='ocrx_word' id='word_1_172' title='bbox 253 4066 285 4125; x_wconf 83' lang='lat' dir='ltr'>in</span> <span class='ocrx_word' id='word_1_173' title='bbox 300 4064 443 4138; x_wconf 84' lang='lat' dir='ltr'>Palania,</span> <span class='ocrx_word' id='word_1_174' title='bbox 461 4081 559 4145; x_wconf 82' lang='lat' dir='ltr'>quam</span> <span class='ocrx_word' id='word_1_175' title='bbox 571 4081 674 4144; x_wconf 88' lang='lat' dir='ltr'>nuper</span> <span class='ocrx_word' id='word_1_176' title='bbox 684 4061 765 4143; x_wconf 89' lang='lat' dir='ltr'>juris</span> <span class='ocrx_word' id='word_1_177' title='bbox 777 4062 897 4144; x_wconf 88' lang='lat' dir='ltr'>publici</span> <span class='ocrx_word' id='word_1_178' title='bbox 910 4061 1002 4140; x_wconf 88' lang='lat' dir='ltr'>feeit,</span> <span class='ocrx_word' id='word_1_179' title='bbox 1018 4072 1086 4127; x_wconf 90' lang='lat' dir='ltr'>tum</span> 
     </span>
    </p>
   </div>
   <div class='ocr_carea' id='block_1_13' title="bbox 121 4165 1015 4325">
    <p class='ocr_par' dir='ltr' id='par_1_13' title="bbox 121 4165 1015 4325">
     <span class='ocr_line' id='line_1_25' title="bbox 121 4165 963 4248; baseline 0.006 -25"><span class='ocrx_word' id='word_1_180' title='bbox 121 4165 207 4230; x_wconf 82' lang='lat' dir='ltr'>etiam</span> <span class='ocrx_word' id='word_1_181' title='bbox 221 4170 253 4231; x_wconf 92' lang='lat' dir='ltr'>in</span> <span class='ocrx_word' id='word_1_182' title='bbox 271 4168 457 4231; x_wconf 74' lang='lat' dir='ltr'>Bibliotheca</span> <span class='ocrx_word' id='word_1_183' title='bbox 468 4167 648 4248; x_wconf 76' lang='lat' dir='ltr'>scriptorum</span> <span class='ocrx_word' id='word_1_184' title='bbox 662 4166 698 4228; x_wconf 83' lang='lat' dir='ltr'>S.</span> <span class='ocrx_word' id='word_1_185' title='bbox 715 4166 746 4228; x_wconf 83' lang='lat' dir='ltr'>J.</span> <span class='ocrx_word' id='word_1_186' title='bbox 761 4165 963 4228; x_wconf 75' lang='lat' dir='ltr'>Beckeriana.</span> 
     </span>
     <span class='ocr_line' id='line_1_26' title="bbox 981 4270 1015 4325; baseline 0.029 -1"><span class='ocrx_word' id='word_1_187' title='bbox 981 4270 1015 4325; x_wconf 75' lang='lat' dir='ltr'>hh</span> 
     </span>
    </p>
   </div>
   <div class='ocr_carea' id='block_1_14' title="bbox 0 0 1634 5484">
    <p class='ocr_par' dir='ltr' id='par_1_14' title="bbox 0 0 1634 5484">
     <span class='ocr_line' id='line_1_27' title="bbox 0 0 1634 5484; baseline 0 1"><span class='ocrx_word' id='word_1_188' title='bbox 0 0 1634 5484; x_wconf 95' lang='lat' dir='ltr'> </span> 
     </span>
    </p>
   </div>
  </div>
 </body>
</html>
