3259 5484
928 1097 1079 1166 CAPUT
1104 1098 1151 1164 Il.

729 1359 772 1403 DE
806 1357 916 1403 STATU
942 1355 1136 1402 reseruari
1160 1353 1358 1400 nunioloso.

297 1798 516 1916 Ἥζζκῗζὲζξῗ
602 1800 751 1870 Proinde
762 1801 1160 1872 annosalutishumanae
1174 1801 1260 1872 1604
1268 1803 1303 1871 in
1316 1803 1542 1872 monasterio

562 1911 718 1982 Vilnensi
750 1913 981 1982 sanctissimae
1015 1913 1195 1984 Trinitatis
1222 1914 1425 2007 religiosum
1462 1915 1542 1984 sub

559 2025 726 2117 auspiciis
745 2029 785 2094 D.
816 2025 934 2095 Basilii
959 2026 1072 2118 Magni
1094 2025 1229 2106 induit,
1254 2033 1336 2096 vota
1359 2027 1543 2096 solemnia

557 2141 628 2206 Deo
639 2137 745 2219 vovit,
759 2159 960 2230 nomenque
970 2138 1124 2218 Joannis,
1136 2138 1247 2208 veteri
1258 2160 1367 2219 more,
1382 2140 1415 2206 in
1430 2143 1540 2207 Josa-

556 2247 643 2337 phat
665 2250 841 2314 mutatum
859 2245 1005 2337 aceepit.
1024 2245 1132 2337 quue
1151 2245 1187 2312 in
1209 2243 1373 2314 manibus
1390 2247 1543 2337 Hypatii

500 2415 505 2425 .
559 2355 682 2448 Poeiey
709 2355 984 2449 archiepiscopi,
1022 2379 1091 2425 una
1120 2358 1314 2448 eademque
1348 2362 1542 2449 peractum

559 2466 636 2536 die:
654 2467 748 2559 quod
764 2467 936 2559 ejusmodi
948 2467 1121 2559 prolapsae
1135 2489 1210 2536 mos
1223 2474 1317 2537 esset
1332 2467 1538 2559 religioniS‚

561 2582 750 2668 antequam
766 2577 811 2645 ab
830 2576 907 2668 ipso
927 2579 1096 2670 Josaphat
1110 2585 1147 2647 et
1159 2579 1312 2670 Josepho
1332 2577 1473 2647 Rutscio
1489 2581 1542 2648 ad

558 2689 739 2760 meliorem
758 2690 988 2760 reduceretur
1002 2712 1173 2759 normam.
1194 2691 1245 2760 Ab
1263 2693 1386 2761 eodem
1406 2701 1542 2783 postea

560 2801 652 2870 intra
665 2801 948 2895 quinquennium
963 2857 972 2884 ‚
988 2803 1090 2873 statis
1103 2803 1334 2896 temporibus.
1351 2804 1394 2873 ad
1407 2827 1542 2876 omnes

561 2911 771 3005 presbyterii
792 2919 977 3006 promotus
1003 2920 1058 2984 est
1082 2914 1221 3007 gradus.
1249 2914 1541 2985 Archimandrita

561 3025 736 3096 Vilnensis
751 3027 869 3118 (quod
893 3026 1032 3095 abbatis
1046 3049 1174 3096 nomen
1189 3033 1244 3096 est
1262 3029 1356 3120 apud
1371 3030 1539 3116 Graeeos)

556 3136 697 3207 Samuel
709 3137 888 3229 Sienezylo
904 3144 979 3206 tum
994 3139 1130 3221 suerat,
1148 3139 1202 3209 vir
1214 3138 1365 3232 simplex
1381 3145 1417 3209 et
1433 3161 1540 3209 amu-

562 3273 650 3332 sus;
682 3251 743 3320 sed
774 3252 870 3342 quod
901 3251 1065 3344 gravina,
1102 3252 1346 3322 schismaticus
1376 3253 1534 3336 certior,

557 3385 663 3458 quam
680 3363 812 3434 unitus.
828 3364 992 3457 Religiosi
1006 3364 1042 3433 in
1055 3387 1097 3436 eo
1109 3365 1343 3448 monasterio,
1360 3365 1422 3457 qui
1438 3371 1538 3457 tyro·

560 3475 691 3545 oinium
705 3475 887 3567 Josaphati
900 3475 954 3544 vel
968 3476 1114 3545 oonsilio
1130 3475 1333 3569 dirigerent,
1347 3477 1401 3546 vel
1415 3499 1538 3548 exeni-

558 3587 616 3678 plo
633 3585 881 3665 accenderent,
905 3586 1005 3655 nulli.
1030 3590 1107 3678 Ipsa
1130 3587 1330 3656 habitacula
1359 3590 1535 3657 cadavera

560 3719 743 3767 murorum
755 3697 875 3791 potius
890 3704 926 3768 et
939 3699 1066 3768 rudera
1081 3699 1304 3780 monasterii,
1327 3721 1433 3792 quam
1448 3722 1537 3769 mo-

560 3809 753 3880 nasterium
782 3809 930 3880 diceres.
961 3814 1209 3881 Verumtamen
1233 3814 1400 3903 iosaphat
1426 3813 1535 3904 longe

559 3928 740 4015 patentem
755 3921 812 3991 hio
825 3924 1031 3992 exerrendae
1046 3923 1189 4016 pietatis
1204 3925 1337 4016 reperit
1350 3947 1531 4016 eampum.

282 4060 386 4104 marona
409 4061 456 4117 au.
475 4064 527 4107 rar.
567 4119 570 4126 7
601 4031 733 4101 Cellula
749 4031 923 4122 quaedam,
943 4037 1089 4124 propter
1104 4032 1308 4103 monasterii
1322 4038 1475 4124 portam,
1496 4041 1537 4103 et

370 4122 437 4178 ΨΜ·
559 4138 717 4208 eeclesiae
741 4138 886 4231 propior
905 4137 983 4207 aliis
997 4139 1134 4209 tuerat:
1152 4140 1242 4209 hane
1256 4140 1336 4210 eoeli
1354 4146 1391 4210 et
1410 4140 1536 4210 haere-
