3259 5484
492 720 671 789 ...87-

100 877 250 947 cadente
265 878 301 945 in
316 885 444 947 terram
465 880 636 971 pcaesule,
660 900 731 970 quo
745 878 897 969 quisque
917 878 1068 947 telorum

101 996 237 1080 poterat
252 1010 398 1081 genere,
428 996 592 1080 quatere,
622 988 787 1068 fodicare,
810 987 1069 1068 vulnerarent

99 1122 161 1168 nec
172 1099 329 1169 bominis
347 1100 454 1169 facies
468 1100 778 1192 archiepiscopalis
792 1100 983 1171 videretur.
1002 1101 1069 1171 Sed

99 1210 211 1279 media
232 1210 501 1290 interverbera,
522 1213 637 1281 elevet
650 1234 776 1280 manus
795 1218 832 1280 et
846 1233 965 1281 vocem
983 1233 1070 1303 prae-

99 1323 149 1390 sul
167 1346 174 1391 :
194 1345 303 1392 manu
319 1345 356 1392 se
371 1324 488 1415 ipsum
501 1325 591 1393 forte
608 1324 828 1416 signeturus,
856 1330 896 1393 ut
918 1322 1069 1393 libenter

98 1436 246 1505 tolerare
274 1458 311 1505 se
335 1458 475 1505 crucem
505 1458 569 1528 per
599 1458 739 1505 crucem
769 1437 952 1507 fateretur.
979 1438 1069 1505 Voce

98 1549 204 1614 Deum
226 1546 440 1616 inclamabat
454 1546 496 1616 :0
510 1549 596 1615 Dece
605 1558 714 1616 meus!
733 1548 882 1618 fortasse
895 1546 1067 1626 dicturus

99 1679 141 1727 ne
156 1658 349 1751 imputaret
371 1667 554 1751 peccatum
578 1660 770 1739 sceleratis,
788 1660 850 1729 sed
876 1658 1071 1729 dimitteret

100 1772 295 1861 parricidis.
312 1776 380 1841 Nec
404 1773 509 1842 finem
531 1772 692 1864 signandi
717 1772 927 1864 dicendique
952 1771 1071 1863 impo-

99 1903 179 1951 nere
195 1883 329 1965 valuit,
350 1905 430 1951 cum
450 1882 726 1952 vociferantibus
741 1882 939 1951 latronibus
953 1882 1070 1951 vivere

99 1993 210 2062 adbuc
237 2016 341 2073 eum,
372 1993 556 2062 celerrime
581 1991 720 2066 duabus
745 1992 933 2084 glandibus
959 1991 1071 2083 plum·

100 2102 173 2172 heis
194 2104 356 2196 sclopeto
375 2103 531 2195 explosis
546 2102 582 2170 in
603 2102 719 2194 capite
740 2101 911 2192 trajectus
930 2101 1067 2170 fuisset.

100 2216 266 2285 Nimirum
295 2216 492 2307 improbam
521 2214 776 2306 parricidarum
805 2212 970 2282 ferociam
999 2234 1070 2281 non

100 2327 263 2418 majestas
275 2327 363 2396 tanti
377 2326 552 2419 praesulis,
567 2347 638 2395 non
650 2325 772 2416 religio
784 2323 987 2403 christiane,
999 2345 1071 2391 ma·

100 2438 150 2528 gis
163 2440 303 2531 petiens
319 2460 426 2530 quam
447 2437 604 2507 inferens
622 2435 845 2515 violentiam,
861 2456 931 2503 non
952 2434 1068 2526 legum

100 2552 270 2620 severitas
283 2551 487 2631 imminens,
507 2570 577 2617 non
592 2548 687 2617 ultor
698 2547 926 2616 innocentum
938 2567 958 2613 a
971 2552 1069 2636 tergo

100 2665 199 2743 Deus,
217 2685 238 2731 a
255 2670 328 2731 tam
347 2660 481 2730 crudeli
500 2658 664 2729 cohibuit
684 2656 859 2727 barbarie.
877 2661 1069 2749 Cognoscat

101 2771 220 2853 omniS,
239 2794 323 2864 quae
338 2771 424 2840 vivit
439 2771 477 2838 in
492 2770 680 2839 schismate
694 2768 822 2849 anima,
838 2769 881 2837 ad
896 2775 1068 2860 quantum

101 2881 345 2953 Vitebscenses
367 2879 555 2951 deduxerit
583 2879 720 2948 facinus
750 2879 864 2949 zelosa
888 2885 1070 2971 pastorum

103 3013 243 3062 suorum
270 2991 490 3061 orthodoxia.
516 2992 561 3059 At
578 2992 763 3082 Josaphat,
791 2996 831 3059 ut
857 2991 1027 3082 puerulus
1051 3012 1069 3058 a

100 3106 167 3172 Deo
179 3106 222 3175 de
237 3126 343 3173 cruce
362 3104 539 3196 pendente
557 3125 620 3193 per
635 3102 812 3171 scintillan
825 3102 861 3171 in
878 3124 937 3171 cor
952 3124 1072 3171 accen-

101 3233 156 3281 sus
171 3215 376 3293 cadentem,
392 3213 441 3281 ita
455 3217 567 3281 Deum
580 3218 656 3281 toto
671 3212 752 3281 vilse
766 3235 839 3282 suae
852 3214 980 3281 ardens
994 3233 1072 3279 cur-

101 3343 161 3402 su,
184 3324 219 3392 in
247 3323 325 3415 ipso
354 3322 479 3392 mortis
509 3344 639 3414 egone,
664 3344 746 3392 eum
772 3330 940 3416 tanquam
959 3328 1071 3392 Deum

101 3455 198 3504 suum
214 3436 368 3506 dulciter
385 3435 586 3527 possedisse
599 3440 769 3519 testetnS,
787 3434 900 3504 victor
912 3442 949 3504 et
961 3456 1070 3503 ovans

101 3546 134 3613 in
148 3548 258 3618 coelos
273 3546 372 3615 abiit.

141 3667 325 3759 Diripuere
348 3667 573 3757 postmodum
608 3664 809 3756 losepbeti,
845 3665 1073 3735 famulorum-

102 3798 166 3867 que
180 3781 261 3871 ejus
276 3778 534 3870 supellectilem
555 3779 755 3869 praedones,
771 3800 854 3847 vasa
868 3800 912 3847 ex
927 3785 1072 3870 argento

102 3896 135 3956 et
149 3913 234 3961 auro
249 3892 429 3970 confecta,
449 3912 631 3969 nummoS,
650 3889 797 3969 scrinia,
822 3896 957 3970 vesteS,
983 3890 1074 3981 peri-

105 4011 290 4086 stromata,
310 4006 504 4098 privilegia,
527 4007 762 4088 fundationes
776 4007 870 4097 jura,
886 4029 993 4087 arma,
1010 4030 1069 4087 aes,

107 4121 292 4198 stannum,
315 4119 484 4188 mensalia
506 4125 543 4187 et
561 4119 732 4188 culinaria
761 4120 1008 4189 instrumente.
1034 4124 1075 4189 Et

1112 1562 1189 1607 Ultima
1198 1560 1244 1615 eju·
1256 1562 1327 1606 verbu.

1125 3696 1205 3739 Rerum
1219 3695 1315 3750 direptio.
