3259 5484
481 796 520 809 -
550 740 682 826 tci-

101 909 251 971 cunabula
270 910 470 972 laudationis.
490 909 580 985 Quod
600 912 625 973 si
641 912 719 974 alias
736 910 895 974 interdum
917 931 981 976 non
1000 913 1066 974 sine

102 1010 211 1087 ingenti
227 1010 338 1073 dolore
360 1005 572 1092 percepimus
597 1011 628 1072 in
642 1011 754 1093 optimi
777 1012 919 1093 praesulis
940 998 1067 1073 Kuirce⁴

102 1110 164 1169 sicii
179 1110 268 1172 obitu
279 1110 322 1172 ita
334 1129 444 1171 sumus
457 1110 594 1191 experti,
611 1110 741 1173 utvoeis
756 1127 831 1171 usus
847 1110 974 1171 relictus
993 1100 1066 1172 tan·-

103 1212 258 1275 tummodo
270 1214 362 1276 nobis
373 1214 532 1276 rideretur
548 1213 586 1275 ad
601 1214 756 1295 querelas.
769 1214 845 1288 Quis
864 1213 965 1285 enim,
983 1231 1068 1275 sanc-

101 1314 217 1376 tissimae
228 1316 338 1377 mortis
352 1315 604 1396 perlatonuntio‚
617 1324 791 1397 tempcrare
802 1315 903 1397 potuit
913 1314 1067 1396 lacrymas

103 1417 229 1479 ubertim
251 1418 406 1480 {luentes‘l
427 1417 624 1480 Odoloreml
649 1436 669 1479 o
692 1417 836 1478 luctuml
864 1416 908 1477 lta
929 1434 968 1477 nc
992 1408 1067 1479 vero

101 1522 383 1584 scelestissimorum
393 1520 579 1605 praedonum
589 1521 767 1583 crudelitati
779 1521 936 1583 addicitur
947 1521 1067 1584 candor

101 1624 289 1698 innocentiae‚
300 1637 334 1688 ut
348 1626 379 1686 in
391 1626 520 1708 proprio
532 1627 660 1688 tandem
670 1627 823 1707 sanguine
838 1626 972 1688 rubeat‘l
983 1627 1068 1689 itane

100 1725 222 1805 cripitur
237 1725 344 1791 nobis,
362 1728 416 1807 qui
432 1726 576 1788 omnium
586 1733 691 1787 aetates
705 1724 808 1785 rivere
823 1723 995 1785 debueratl
1009 1723 1066 1786 Oc-

100 1828 177 1902 cidit,
193 1829 308 1891 occidit
320 1849 390 1911 spes
400 1830 512 1892 melior
526 1840 640 1891 sanctae
654 1828 790 1902 unionis
813 1828 1003 1891 Kuncevicio
1022 1828 1068 1890 in-

100 1941 245 2017 terempto
262 1956 267 1995 :
284 1936 375 2018 cujus
399 1945 434 1997 ut
460 1937 491 1996 in
515 1936 587 1997 sinu
608 1934 746 2015 spirabat
771 1934 908 2013 religi0,
938 1933 981 1994 sic
1010 1952 1066 2015 per

101 2043 222 2105 rulnera
236 2044 465 2126 propemodum
477 2043 640 2125 expiravit.
657 2042 773 2103 llliserae
788 2040 964 2103 ludibrium
978 2060 1066 2103 mor-

101 2144 232 2205 talitatis!
249 2165 320 2226 quae
336 2146 549 2226 pulcherrima
571 2144 739 2216 habentur,
758 2143 874 2225 inipso
895 2161 975 2224 pene
995 2134 1067 2206 ortu

100 2258 254 2321 corruunt,
269 2256 300 2309 et
314 2248 404 2330 pretii
419 2247 669 2327 magnitudinem
680 2247 750 2307 vitae
766 2245 917 2307 brevitate
931 2263 1068 2307 corrum-

101 2361 195 2427 punt;
219 2372 416 2434 quamquam
435 2354 467 2414 in
489 2354 556 2415 viro
579 2353 703 2433 egregio
720 2370 784 2414 non
808 2352 903 2414 modo
925 2351 1005 2412 nillil
1029 2350 1068 2413 de

100 2452 301 2529 perfectarum
319 2455 472 2517 virtutum
490 2455 675 2517 excellentia
687 2462 873 2537 properatus
886 2454 987 2517 exitus
1009 2454 1068 2516 de-

99 2555 198 2628 traxit,
216 2555 333 2617 sedeas
347 2556 452 2637 potius
465 2556 596 2618 mirifice
609 2556 786 2619 illustravit.

133 2767 201 2829 Tria
213 2777 287 2830 sunt
299 2818 306 2841 ,
318 2753 394 2850 'quae
414 2770 646 2831 sanctissimum
664 2769 835 2851 praesulem
852 2788 869 2829 e
888 2768 983 2848 vulgo
1002 2768 1068 2830 hu-

99 2886 192 2931 nianae
202 2872 358 2933 societatis
372 2881 564 2953 exemptum,
577 2872 741 2934 beatarum
756 2871 911 2933 mentium
925 2871 1067 2933 inserunt

99 2971 205 3035 choris.
221 2974 347 3036 Pietatis
361 2974 502 3035 studium
519 2994 613 3056 supra
628 2994 725 3056 quam
739 2974 823 3036 credi
844 2974 941 3056 possit
955 2973 1066 3053 singu-

99 3073 172 3149 lare,
189 3078 299 3140 alienae
320 3080 413 3140 saluti
433 3080 582 3142 curandae
602 3079 863 3162 demerendisque
884 3078 1067 3141 hominibus

98 3172 172 3238 facta
185 3178 350 3253 sedulitaS,
364 3180 396 3240 in
413 3180 575 3242 laboribus
589 3200 624 3242 ac
637 3182 785 3263 periculis
801 3180 986 3243 invadendis
999 3181 1066 3242 usi-

98 3283 164 3339 tatae
185 3282 368 3342 constantim
392 3283 470 3343 lines
489 3300 611 3361 egressa
632 3282 793 3345 fortitudo.
819 3284 889 3344 Haec
904 3301 922 3344 a
936 3301 987 3343 me
1001 3300 1064 3345 non

97 3377 253 3442 rhetorum
272 3382 432 3443 coloribus
448 3384 548 3444 efficta
566 3432 574 3457 ‚
596 3383 649 3444 sed
669 3385 802 3466 simplici
822 3383 961 3446 veritatis
986 3384 1065 3464 stylo

95 3479 242 3565 descripta
271 3486 424 3567 accipite,
451 3485 580 3567 quando
608 3506 664 3547 sua
690 3486 909 3567 magnitudine
936 3503 1065 3547 omnem

96 3600 216 3660 prorsus
231 3586 421 3648 lemniscatae
431 3588 564 3650 orationi
580 3588 701 3650 aditum
714 3587 937 3650 intercludunt.

131 3805 152 3862 l.
177 3805 247 3865 luit
271 3825 346 3866 sane
371 3808 494 3867 romani
511 3808 588 3868 olim
603 3808 755 3889 principis
777 3809 912 3890 pueritia
928 3810 1065 3871 maxime

94 3906 254 3983 celebrata,
267 3910 353 3990 quod
366 3911 455 3972 hoste
469 3921 636 3993 prostrato,
645 3921 830 3995 servatoque
841 3915 919 3993 cive,
928 3914 1064 3999 duplicis

94 4012 202 4077 laureae
211 4019 353 4079 ramulos
364 4018 584 4084 festinabunda
595 4042 692 4083 manu
705 4024 736 4084 in
744 4023 852 4104 praelio
862 4023 1060 4106 decerpserit,

92 4116 178 4196 cujus
204 4120 253 4180 vix
272 4130 347 4182 aetas
371 4140 444 4183 eum
468 4124 675 4205 inspectorem
698 4145 763 4187 esse
783 4126 1063 4208 patiebaturluit

92 4219 183 4280 etiam
195 4222 226 4282 in
242 4224 430 4286 Kuncevicio
441 4225 479 4285 ad
496 4226 605 4288 laudes
615 4238 813 4309 perpetuum,
830 4228 869 4291 ad
882 4228 1065 4292 admiratio·
