<?xml version="1.0" encoding="UTF-8"?>
<!DOCTYPE html PUBLIC "-//W3C//DTD XHTML 1.0 Transitional//EN"
    "http://www.w3.org/TR/xhtml1/DTD/xhtml1-transitional.dtd">
<html xmlns="http://www.w3.org/1999/xhtml" xml:lang="en" lang="en">
 <head>
  <title>
</title>
<meta http-equiv="Content-Type" content="text/html;charset=utf-8" />
  <meta name='ocr-system' content='tesseract 3.04.00' />
  <meta name='ocr-capabilities' content='ocr_page ocr_carea ocr_par ocr_line ocrx_word'/>
</head>
<body>
  <div class='ocr_page' id='page_1' title='image "./cursusvitetcert00martgoog_0145.png"; bbox 0 0 3259 5484; ppageno 0'>
   <div class='ocr_carea' id='block_1_1' title="bbox 440 773 642 843">
    <p class='ocr_par' dir='ltr' id='par_1_1' title="bbox 440 773 642 843">
     <span class='ocr_line' id='line_1_1' title="bbox 440 773 642 843; baseline 0 -1"><span class='ocrx_word' id='word_1_1' title='bbox 440 773 642 843; x_wconf 72' lang='lat' dir='ltr'><strong>-lal-</strong></span> 
     </span>
    </p>
   </div>
   <div class='ocr_carea' id='block_1_2' title="bbox 79 930 1030 1470">
    <p class='ocr_par' dir='ltr' id='par_1_2' title="bbox 79 930 1030 1470">
     <span class='ocr_line' id='line_1_2' title="bbox 81 930 1029 1022; baseline 0.001 -26"><span class='ocrx_word' id='word_1_2' title='bbox 81 930 138 997; x_wconf 88' lang='lat' dir='ltr'><strong>divi</strong></span> <span class='ocrx_word' id='word_1_3' title='bbox 153 931 308 1021; x_wconf 79' lang='lat' dir='ltr'><strong>martyris</strong></span> <span class='ocrx_word' id='word_1_4' title='bbox 328 952 456 1022; x_wconf 86' lang='lat' dir='ltr'><strong>corpus</strong></span> <span class='ocrx_word' id='word_1_5' title='bbox 472 931 619 1000; x_wconf 83' lang='lat' dir='ltr'><strong>Polociae</strong></span> <span class='ocrx_word' id='word_1_6' title='bbox 639 931 778 1010; x_wconf 85' lang='lat' dir='ltr'><strong>invisit,</strong></span> <span class='ocrx_word' id='word_1_7' title='bbox 800 935 880 999; x_wconf 83' lang='lat' dir='ltr'><strong>vota</strong></span> <span class='ocrx_word' id='word_1_8' title='bbox 905 953 948 999; x_wconf 86' lang='lat' dir='ltr'><strong>ex</strong></span> <span class='ocrx_word' id='word_1_9' title='bbox 976 952 1029 998; x_wconf 88' lang='lat' dir='ltr'><strong>ar·</strong></span> 
     </span>
     <span class='ocr_line' id='line_1_3' title="bbox 81 1042 1027 1135; baseline 0.003 -27"><span class='ocrx_word' id='word_1_10' title='bbox 81 1049 169 1131; x_wconf 79' lang='lat' dir='ltr'><strong>gento</strong></span> <span class='ocrx_word' id='word_1_11' title='bbox 182 1043 325 1123; x_wconf 91' lang='lat' dir='ltr'><strong>obtulit,</strong></span> <span class='ocrx_word' id='word_1_12' title='bbox 346 1066 409 1135; x_wconf 90' lang='lat' dir='ltr'><strong>per</strong></span> <span class='ocrx_word' id='word_1_13' title='bbox 423 1044 601 1111; x_wconf 83' lang='lat' dir='ltr'><strong>variorum</strong></span> <span class='ocrx_word' id='word_1_14' title='bbox 616 1045 837 1113; x_wconf 78' lang='lat' dir='ltr'><strong>sacerdotum</strong></span> <span class='ocrx_word' id='word_1_15' title='bbox 858 1042 1027 1112; x_wconf 87' lang='lat' dir='ltr'><strong>sacrificia</strong></span> 
     </span>
     <span class='ocr_line' id='line_1_4' title="bbox 81 1154 1029 1234; baseline 0 -14"><span class='ocrx_word' id='word_1_16' title='bbox 81 1156 294 1224; x_wconf 87' lang='lat' dir='ltr'><strong>commendari</strong></span> <span class='ocrx_word' id='word_1_17' title='bbox 311 1177 348 1224; x_wconf 87' lang='lat' dir='ltr'><strong>se</strong></span> <span class='ocrx_word' id='word_1_18' title='bbox 364 1156 476 1225; x_wconf 86' lang='lat' dir='ltr'><strong>eidem</strong></span> <span class='ocrx_word' id='word_1_19' title='bbox 494 1154 624 1234; x_wconf 86' lang='lat' dir='ltr'><strong>voluit,</strong></span> <span class='ocrx_word' id='word_1_20' title='bbox 642 1176 683 1223; x_wconf 90' lang='lat' dir='ltr'><strong>ac</strong></span> <span class='ocrx_word' id='word_1_21' title='bbox 702 1154 738 1221; x_wconf 92' lang='lat' dir='ltr'><strong>in</strong></span> <span class='ocrx_word' id='word_1_22' title='bbox 757 1154 922 1223; x_wconf 90' lang='lat' dir='ltr'><strong>omnibus</strong></span> <span class='ocrx_word' id='word_1_23' title='bbox 938 1174 1029 1221; x_wconf 90' lang='lat' dir='ltr'><strong>mor-</strong></span> 
     </span>
     <span class='ocr_line' id='line_1_5' title="bbox 81 1265 1030 1359; baseline 0.002 -27"><span class='ocrx_word' id='word_1_24' title='bbox 81 1265 142 1346; x_wconf 90' lang='lat' dir='ltr'>bis,</span> <span class='ocrx_word' id='word_1_25' title='bbox 171 1268 335 1359; x_wconf 89' lang='lat' dir='ltr'><strong>periculis</strong></span> <span class='ocrx_word' id='word_1_26' title='bbox 357 1274 393 1337; x_wconf 91' lang='lat' dir='ltr'><strong>et</strong></span> <span class='ocrx_word' id='word_1_27' title='bbox 412 1267 683 1337; x_wconf 88' lang='lat' dir='ltr'><strong>necessitatibus</strong></span> <span class='ocrx_word' id='word_1_28' title='bbox 704 1288 844 1359; x_wconf 82' lang='lat' dir='ltr'><strong>semper</strong></span> <span class='ocrx_word' id='word_1_29' title='bbox 876 1287 1030 1359; x_wconf 85' lang='lat' dir='ltr'><strong>praesen·</strong></span> 
     </span>
     <span class='ocr_line' id='line_1_6' title="bbox 79 1376 615 1470; baseline 0.006 -28"><span class='ocrx_word' id='word_1_30' title='bbox 79 1376 230 1445; x_wconf 87' lang='lat' dir='ltr'><strong>tissimam</strong></span> <span class='ocrx_word' id='word_1_31' title='bbox 249 1389 418 1470; x_wconf 85' lang='lat' dir='ltr'><strong>expertus</strong></span> <span class='ocrx_word' id='word_1_32' title='bbox 431 1385 486 1447; x_wconf 88' lang='lat' dir='ltr'><strong>est</strong></span> <span class='ocrx_word' id='word_1_33' title='bbox 500 1400 615 1470; x_wconf 90' lang='lat' dir='ltr'><strong>opem.</strong></span> 
     </span>
    </p>
   </div>
   <div class='ocr_carea' id='block_1_3' title="bbox 44 1497 1300 4135">
    <p class='ocr_par' dir='ltr' id='par_1_3' title="bbox 44 1497 1300 4135">
     <span class='ocr_line' id='line_1_7' title="bbox 44 1497 1029 1595; baseline 0.001 -28"><span class='ocrx_word' id='word_1_34' title='bbox 44 1584 50 1595; x_wconf 90' lang='lat'>.</span> <span class='ocrx_word' id='word_1_35' title='bbox 113 1498 160 1567; x_wconf 83' lang='grc'><strong>55.</strong></span> <span class='ocrx_word' id='word_1_36' title='bbox 184 1497 378 1570; x_wconf 81' lang='lat' dir='ltr'><strong>Alexandra</strong></span> <span class='ocrx_word' id='word_1_37' title='bbox 396 1500 649 1581; x_wconf 86' lang='lat' dir='ltr'><strong>Radziminska,</strong></span> <span class='ocrx_word' id='word_1_38' title='bbox 668 1500 815 1593; x_wconf 80' lang='lat' dir='ltr'><strong>dapiferi</strong></span> <span class='ocrx_word' id='word_1_39' title='bbox 831 1499 1029 1569; x_wconf 86' lang='lat' dir='ltr'><strong>Polooensis</strong></span> 
     </span>
     <span class='ocr_line' id='line_1_8' title="bbox 76 1610 1025 1704; baseline 0.004 -27"><span class='ocrx_word' id='word_1_40' title='bbox 76 1610 251 1681; x_wconf 84' lang='lat' dir='ltr'><strong>Clonovscii</strong></span> <span class='ocrx_word' id='word_1_41' title='bbox 264 1635 432 1692; x_wconf 89' lang='lat' dir='ltr'><strong>consors,</strong></span> <span class='ocrx_word' id='word_1_42' title='bbox 462 1613 599 1682; x_wconf 89' lang='lat' dir='ltr'><strong>Polocia</strong></span> <span class='ocrx_word' id='word_1_43' title='bbox 625 1612 793 1704; x_wconf 91' lang='lat' dir='ltr'><strong>quopiam</strong></span> <span class='ocrx_word' id='word_1_44' title='bbox 825 1613 1025 1693; x_wconf 89' lang='lat' dir='ltr'><strong>discedens,</strong></span> 
     </span>
     <span class='ocr_line' id='line_1_9' title="bbox 77 1722 1024 1816; baseline 0.004 -29"><span class='ocrx_word' id='word_1_45' title='bbox 77 1725 155 1812; x_wconf 88' lang='lat' dir='ltr'><strong>apud</strong></span> <span class='ocrx_word' id='word_1_46' title='bbox 167 1725 399 1793; x_wconf 69' lang='lat' dir='ltr'><strong>Alexandrum</strong></span> <span class='ocrx_word' id='word_1_47' title='bbox 413 1724 558 1803; x_wconf 89' lang='lat' dir='ltr'><strong>Korsak,</strong></span> <span class='ocrx_word' id='word_1_48' title='bbox 572 1724 673 1793; x_wconf 91' lang='lat' dir='ltr'><strong>initio</strong></span> <span class='ocrx_word' id='word_1_49' title='bbox 687 1723 809 1816; x_wconf 87' lang='lat' dir='ltr'><strong>aprilis</strong></span> <span class='ocrx_word' id='word_1_50' title='bbox 823 1744 914 1791; x_wconf 89' lang='lat' dir='ltr'><strong>anno</strong></span> <span class='ocrx_word' id='word_1_51' title='bbox 927 1722 1024 1803; x_wconf 69' lang='lat'><strong>1628,</strong></span> 
     </span>
     <span class='ocr_line' id='line_1_10' title="bbox 76 1833 1030 1928; baseline 0.005 -29"><span class='ocrx_word' id='word_1_52' title='bbox 76 1833 104 1901; x_wconf 91' lang='lat' dir='ltr'><strong>in</strong></span> <span class='ocrx_word' id='word_1_53' title='bbox 125 1835 243 1905; x_wconf 91' lang='lat' dir='ltr'><strong>itinere</strong></span> <span class='ocrx_word' id='word_1_54' title='bbox 266 1837 437 1905; x_wconf 75' lang='lat' dir='ltr'><strong>substitit.</strong></span> <span class='ocrx_word' id='word_1_55' title='bbox 462 1841 549 1905; x_wconf 84' lang='lat' dir='ltr'><strong>Eece</strong></span> <span class='ocrx_word' id='word_1_56' title='bbox 568 1836 619 1903; x_wconf 95' lang='lat' dir='ltr'><strong>illi</strong></span> <span class='ocrx_word' id='word_1_57' title='bbox 641 1857 767 1905; x_wconf 89' lang='lat' dir='ltr'><strong>unuse</strong></span> <span class='ocrx_word' id='word_1_58' title='bbox 788 1836 908 1928; x_wconf 84' lang='lat' dir='ltr'><strong>sexiga</strong></span> <span class='ocrx_word' id='word_1_59' title='bbox 932 1857 1030 1927; x_wconf 85' lang='lat' dir='ltr'><strong>prae-</strong></span> 
     </span>
     <span class='ocr_line' id='line_1_11' title="bbox 75 1948 1027 2040; baseline 0.006 -29"><span class='ocrx_word' id='word_1_60' title='bbox 75 1948 205 2016; x_wconf 86' lang='lat' dir='ltr'><strong>stantior</strong></span> <span class='ocrx_word' id='word_1_61' title='bbox 216 1971 345 2040; x_wconf 75' lang='lat' dir='ltr'><strong>equuS,</strong></span> <span class='ocrx_word' id='word_1_62' title='bbox 362 1949 418 2017; x_wconf 88' lang='lat' dir='ltr'><strong>vel</strong></span> <span class='ocrx_word' id='word_1_63' title='bbox 431 1949 496 2017; x_wconf 84' lang='lat' dir='ltr'><strong>viae</strong></span> <span class='ocrx_word' id='word_1_64' title='bbox 509 1949 717 2018; x_wconf 83' lang='lat' dir='ltr'><strong>lassitudine</strong></span> <span class='ocrx_word' id='word_1_65' title='bbox 733 2003 741 2028; x_wconf 95' lang='lat'><strong>,</strong></span> <span class='ocrx_word' id='word_1_66' title='bbox 760 1950 814 2017; x_wconf 85' lang='lat' dir='ltr'><strong>vel</strong></span> <span class='ocrx_word' id='word_1_67' title='bbox 831 1949 1027 2040; x_wconf 84' lang='lat' dir='ltr'><strong>cujuspiam</strong></span> 
     </span>
     <span class='ocr_line' id='line_1_12' title="bbox 75 2058 1026 2151; baseline 0.006 -28"><span class='ocrx_word' id='word_1_68' title='bbox 75 2058 276 2147; x_wconf 76' lang='lat' dir='ltr'><strong>agritudinis</strong></span> <span class='ocrx_word' id='word_1_69' title='bbox 304 2081 427 2139; x_wconf 87' lang='lat' dir='ltr'><strong>eausa,</strong></span> <span class='ocrx_word' id='word_1_70' title='bbox 460 2060 587 2129; x_wconf 89' lang='lat' dir='ltr'><strong>subitis</strong></span> <span class='ocrx_word' id='word_1_71' title='bbox 622 2060 795 2151; x_wconf 88' lang='lat' dir='ltr'><strong>correptis</strong></span> <span class='ocrx_word' id='word_1_72' title='bbox 824 2060 1026 2141; x_wconf 77' lang='lat' dir='ltr'><strong>doloribus,</strong></span> 
     </span>
     <span class='ocr_line' id='line_1_13' title="bbox 74 2170 1031 2265; baseline 0.006 -29"><span class='ocrx_word' id='word_1_73' title='bbox 74 2170 229 2242; x_wconf 82' lang='lat' dir='ltr'><strong>violenter</strong></span> <span class='ocrx_word' id='word_1_74' title='bbox 250 2172 481 2265; x_wconf 83' lang='lat' dir='ltr'><strong>extinguitur.</strong></span> <span class='ocrx_word' id='word_1_75' title='bbox 498 2177 576 2265; x_wconf 88' lang='lat' dir='ltr'><strong>lpsa</strong></span> <span class='ocrx_word' id='word_1_76' title='bbox 596 2174 639 2240; x_wconf 90' lang='lat' dir='ltr'><strong>ad</strong></span> <span class='ocrx_word' id='word_1_77' title='bbox 661 2172 775 2241; x_wconf 89' lang='lat' dir='ltr'><strong>locum</strong></span> <span class='ocrx_word' id='word_1_78' title='bbox 792 2173 938 2242; x_wconf 82' lang='lat' dir='ltr'><strong>extincti</strong></span> <span class='ocrx_word' id='word_1_79' title='bbox 954 2196 1031 2242; x_wconf 91' lang='lat' dir='ltr'><strong>cur·</strong></span> 
     </span>
     <span class='ocr_line' id='line_1_14' title="bbox 75 2285 1031 2378; baseline 0.008 -31"><span class='ocrx_word' id='word_1_80' title='bbox 75 2304 150 2364; x_wconf 86' lang='lat' dir='ltr'><strong>rere,</strong></span> <span class='ocrx_word' id='word_1_81' title='bbox 167 2286 250 2354; x_wconf 90' lang='lat' dir='ltr'><strong>etin</strong></span> <span class='ocrx_word' id='word_1_82' title='bbox 265 2308 370 2355; x_wconf 90' lang='lat' dir='ltr'><strong>cursu</strong></span> <span class='ocrx_word' id='word_1_83' title='bbox 386 2286 571 2354; x_wconf 91' lang='lat' dir='ltr'><strong>Dominum</strong></span> <span class='ocrx_word' id='word_1_84' title='bbox 592 2285 749 2378; x_wconf 87' lang='lat' dir='ltr'><strong>precari,</strong></span> <span class='ocrx_word' id='word_1_85' title='bbox 768 2285 797 2353; x_wconf 90' lang='lat' dir='ltr'><strong>si</strong></span> <span class='ocrx_word' id='word_1_86' title='bbox 812 2308 917 2355; x_wconf 90' lang='lat' dir='ltr'><strong>verus</strong></span> <span class='ocrx_word' id='word_1_87' title='bbox 937 2292 1031 2355; x_wconf 89' lang='lat' dir='ltr'><strong>essct</strong></span> 
     </span>
     <span class='ocr_line' id='line_1_15' title="bbox 75 2395 1030 2490; baseline 0.004 -29"><span class='ocrx_word' id='word_1_88' title='bbox 75 2399 103 2461; x_wconf 89' lang='lat' dir='ltr'><strong>ct</strong></span> <span class='ocrx_word' id='word_1_89' title='bbox 115 2395 257 2467; x_wconf 88' lang='lat' dir='ltr'><strong>dilectus</strong></span> <span class='ocrx_word' id='word_1_90' title='bbox 273 2397 324 2465; x_wconf 96' lang='lat' dir='ltr'><strong>illi</strong></span> <span class='ocrx_word' id='word_1_91' title='bbox 341 2402 474 2488; x_wconf 82' lang='lat' dir='ltr'><strong>martyr</strong></span> <span class='ocrx_word' id='word_1_92' title='bbox 488 2398 676 2490; x_wconf 86' lang='lat' dir='ltr'><strong>Josaphat,</strong></span> <span class='ocrx_word' id='word_1_93' title='bbox 696 2397 738 2464; x_wconf 89' lang='lat' dir='ltr'><strong>dc</strong></span> <span class='ocrx_word' id='word_1_94' title='bbox 756 2418 827 2487; x_wconf 88' lang='lat' dir='ltr'><strong>quo</strong></span> <span class='ocrx_word' id='word_1_95' title='bbox 844 2396 878 2464; x_wconf 90' lang='lat' dir='ltr'><strong>in</strong></span> <span class='ocrx_word' id='word_1_96' title='bbox 895 2418 1030 2488; x_wconf 89' lang='lat' dir='ltr'><strong>nupera</strong></span> 
     </span>
     <span class='ocr_line' id='line_1_16' title="bbox 75 2506 1030 2588; baseline 0.008 -18"><span class='ocrx_word' id='word_1_97' title='bbox 75 2506 315 2588; x_wconf 79' lang='lat' dir='ltr'><strong>commissione,</strong></span> <span class='ocrx_word' id='word_1_98' title='bbox 328 2507 416 2575; x_wconf 88' lang='lat' dir='ltr'><strong>mira</strong></span> <span class='ocrx_word' id='word_1_99' title='bbox 428 2508 537 2577; x_wconf 88' lang='lat' dir='ltr'><strong>relata</strong></span> <span class='ocrx_word' id='word_1_100' title='bbox 550 2507 698 2577; x_wconf 87' lang='lat' dir='ltr'><strong>fuissent</strong></span> <span class='ocrx_word' id='word_1_101' title='bbox 716 2531 723 2574; x_wconf 92' lang='lat'>:</span> <span class='ocrx_word' id='word_1_102' title='bbox 741 2529 834 2577; x_wconf 88' lang='lat' dir='ltr'><strong>nuno</strong></span> <span class='ocrx_word' id='word_1_103' title='bbox 849 2514 945 2577; x_wconf 87' lang='lat' dir='ltr'><strong>certo</strong></span> <span class='ocrx_word' id='word_1_104' title='bbox 960 2532 979 2576; x_wconf 88' lang='lat' dir='ltr'><strong>a</strong></span> <span class='ocrx_word' id='word_1_105' title='bbox 994 2532 1030 2579; x_wconf 87' lang='lat' dir='ltr'><strong>se</strong></span> 
     </span>
     <span class='ocr_line' id='line_1_17' title="bbox 75 2616 1031 2708; baseline 0.008 -30"><span class='ocrx_word' id='word_1_106' title='bbox 75 2619 359 2704; x_wconf 77' lang='lat' dir='ltr'><strong>cognoscendum,</strong></span> <span class='ocrx_word' id='word_1_107' title='bbox 378 2616 407 2685; x_wconf 90' lang='lat' dir='ltr'><strong>si</strong></span> <span class='ocrx_word' id='word_1_108' title='bbox 425 2639 488 2685; x_wconf 89' lang='lat' dir='ltr'><strong>sua</strong></span> <span class='ocrx_word' id='word_1_109' title='bbox 504 2616 768 2697; x_wconf 84' lang='lat' dir='ltr'><strong>intercessione,</strong></span> <span class='ocrx_word' id='word_1_110' title='bbox 781 2638 913 2708; x_wconf 90' lang='lat' dir='ltr'><strong>equum</strong></span> <span class='ocrx_word' id='word_1_111' title='bbox 929 2616 1031 2686; x_wconf 90' lang='lat' dir='ltr'><strong>itine-</strong></span> 
     </span>
     <span class='ocr_line' id='line_1_18' title="bbox 73 2726 1029 2820; baseline 0.007 -33"><span class='ocrx_word' id='word_1_112' title='bbox 73 2726 151 2793; x_wconf 85' lang='lat' dir='ltr'><strong>ranti</strong></span> <span class='ocrx_word' id='word_1_113' title='bbox 186 2727 514 2820; x_wconf 88' lang='lat' dir='ltr'><strong>pernecessarium,</strong></span> <span class='ocrx_word' id='word_1_114' title='bbox 545 2728 762 2798; x_wconf 89' lang='lat' dir='ltr'><strong>restitueret.</strong></span> <span class='ocrx_word' id='word_1_115' title='bbox 798 2732 879 2796; x_wconf 83' lang='lat' dir='ltr'><strong>llaec</strong></span> <span class='ocrx_word' id='word_1_116' title='bbox 909 2749 1029 2797; x_wconf 87' lang='lat' dir='ltr'><strong>secum</strong></span> 
     </span>
     <span class='ocr_line' id='line_1_19' title="bbox 72 2833 1030 2929; baseline 0.009 -31"><span class='ocrx_word' id='word_1_117' title='bbox 72 2833 247 2917; x_wconf 86' lang='lat' dir='ltr'><strong>volvendo,</strong></span> <span class='ocrx_word' id='word_1_118' title='bbox 266 2838 309 2906; x_wconf 90' lang='lat' dir='ltr'><strong>ad</strong></span> <span class='ocrx_word' id='word_1_119' title='bbox 330 2838 444 2905; x_wconf 89' lang='lat' dir='ltr'><strong>locum</strong></span> <span class='ocrx_word' id='word_1_120' title='bbox 464 2838 628 2907; x_wconf 88' lang='lat' dir='ltr'><strong>devenit:</strong></span> <span class='ocrx_word' id='word_1_121' title='bbox 652 2836 817 2929; x_wconf 89' lang='lat' dir='ltr'><strong>trahique</strong></span> <span class='ocrx_word' id='word_1_122' title='bbox 839 2837 921 2906; x_wconf 88' lang='lat' dir='ltr'><strong>hinc</strong></span> <span class='ocrx_word' id='word_1_123' title='bbox 949 2837 1030 2907; x_wconf 89' lang='lat' dir='ltr'><strong>inde</strong></span> 
     </span>
     <span class='ocr_line' id='line_1_20' title="bbox 73 2946 1031 3039; baseline 0.008 -30"><span class='ocrx_word' id='word_1_124' title='bbox 73 2962 188 3034; x_wconf 89' lang='lat' dir='ltr'><strong>equum</strong></span> <span class='ocrx_word' id='word_1_125' title='bbox 198 2946 327 3037; x_wconf 86' lang='lat' dir='ltr'><strong>jussit,</strong></span> <span class='ocrx_word' id='word_1_126' title='bbox 345 2953 380 3016; x_wconf 88' lang='lat' dir='ltr'><strong>et</strong></span> <span class='ocrx_word' id='word_1_127' title='bbox 394 2948 470 3039; x_wconf 87' lang='lat' dir='ltr'><strong>ipsa</strong></span> <span class='ocrx_word' id='word_1_128' title='bbox 488 2947 682 3016; x_wconf 84' lang='lat' dir='ltr'><strong>auriculam</strong></span> <span class='ocrx_word' id='word_1_129' title='bbox 704 2948 827 3016; x_wconf 86' lang='lat' dir='ltr'><strong>traxit.</strong></span> <span class='ocrx_word' id='word_1_130' title='bbox 846 2949 912 3017; x_wconf 91' lang='lat' dir='ltr'><strong>Sed</strong></span> <span class='ocrx_word' id='word_1_131' title='bbox 932 2949 1031 3017; x_wconf 87' lang='lat' dir='ltr'><strong>nulla</strong></span> 
     </span>
     <span class='ocr_line' id='line_1_21' title="bbox 72 3057 1030 3150; baseline 0.003 -28"><span class='ocrx_word' id='word_1_132' title='bbox 72 3057 200 3142; x_wconf 87' lang='lat' dir='ltr'><strong>penitus</strong></span> <span class='ocrx_word' id='word_1_133' title='bbox 215 3059 289 3127; x_wconf 90' lang='lat' dir='ltr'><strong>visa</strong></span> <span class='ocrx_word' id='word_1_134' title='bbox 307 3059 343 3126; x_wconf 90' lang='lat' dir='ltr'><strong>in</strong></span> <span class='ocrx_word' id='word_1_135' title='bbox 357 3079 449 3150; x_wconf 91' lang='lat' dir='ltr'><strong>equo</strong></span> <span class='ocrx_word' id='word_1_136' title='bbox 463 3058 547 3126; x_wconf 84' lang='lat' dir='ltr'><strong>vita.</strong></span> <span class='ocrx_word' id='word_1_137' title='bbox 564 3061 670 3128; x_wconf 88' lang='lat' dir='ltr'><strong>Versa</strong></span> <span class='ocrx_word' id='word_1_138' title='bbox 684 3058 816 3126; x_wconf 91' lang='lat' dir='ltr'><strong>iterum</strong></span> <span class='ocrx_word' id='word_1_139' title='bbox 833 3059 875 3127; x_wconf 91' lang='lat' dir='ltr'><strong>ad</strong></span> <span class='ocrx_word' id='word_1_140' title='bbox 891 3065 1030 3149; x_wconf 79' lang='lat' dir='ltr'><strong>marty-</strong></span> 
     </span>
     <span class='ocr_line' id='line_1_22' title="bbox 71 3170 1030 3263; baseline 0.009 -33"><span class='ocrx_word' id='word_1_141' title='bbox 71 3171 280 3263; x_wconf 12' lang='lat' dir='ltr'><strong>rem‚tcorde</strong></span> <span class='ocrx_word' id='word_1_142' title='bbox 307 3179 342 3240; x_wconf 91' lang='lat' dir='ltr'><strong>et</strong></span> <span class='ocrx_word' id='word_1_143' title='bbox 367 3192 427 3239; x_wconf 86' lang='lat' dir='ltr'><strong>ore</strong></span> <span class='ocrx_word' id='word_1_144' title='bbox 450 3170 671 3261; x_wconf 91' lang='lat' dir='ltr'><strong>alloquitur:</strong></span> <span class='ocrx_word' id='word_1_145' title='bbox 698 3170 743 3239; x_wconf 89' lang='lat' dir='ltr'><strong>ab</strong></span> <span class='ocrx_word' id='word_1_146' title='bbox 767 3170 848 3240; x_wconf 89' lang='lat' dir='ltr'><strong>inde</strong></span> <span class='ocrx_word' id='word_1_147' title='bbox 866 3192 947 3239; x_wconf 89' lang='lat' dir='ltr'><strong>eum</strong></span> <span class='ocrx_word' id='word_1_148' title='bbox 965 3192 1030 3262; x_wconf 92' lang='lat' dir='ltr'><strong>pro</strong></span> 
     </span>
     <span class='ocr_line' id='line_1_23' title="bbox 71 3277 1028 3373; baseline 0.008 -31"><span class='ocrx_word' id='word_1_149' title='bbox 71 3277 185 3351; x_wconf 88' lang='lat' dir='ltr'><strong>dilecto</strong></span> <span class='ocrx_word' id='word_1_150' title='bbox 199 3282 261 3352; x_wconf 90' lang='lat' dir='ltr'><strong>Dei</strong></span> <span class='ocrx_word' id='word_1_151' title='bbox 276 3282 476 3351; x_wconf 87' lang='lat' dir='ltr'><strong>babituram</strong></span> <span class='ocrx_word' id='word_1_152' title='bbox 492 3289 528 3351; x_wconf 90' lang='lat' dir='ltr'><strong>ct</strong></span> <span class='ocrx_word' id='word_1_153' title='bbox 556 3282 849 3373; x_wconf 82' lang='lat' dir='ltr'><strong>praedioaturam,</strong></span> <span class='ocrx_word' id='word_1_154' title='bbox 867 3282 895 3350; x_wconf 90' lang='lat' dir='ltr'><strong>si</strong></span> <span class='ocrx_word' id='word_1_155' title='bbox 911 3280 1028 3350; x_wconf 85' lang='lat' dir='ltr'><strong>vivum</strong></span> 
     </span>
     <span class='ocr_line' id='line_1_24' title="bbox 70 3394 1029 3486; baseline 0.005 -28"><span class='ocrx_word' id='word_1_156' title='bbox 70 3396 222 3480; x_wconf 80' lang='lat' dir='ltr'><strong>precibus</strong></span> <span class='ocrx_word' id='word_1_157' title='bbox 240 3417 358 3465; x_wconf 88' lang='lat' dir='ltr'><strong>coram</strong></span> <span class='ocrx_word' id='word_1_158' title='bbox 378 3400 450 3465; x_wconf 88' lang='lat' dir='ltr'><strong>Deo</strong></span> <span class='ocrx_word' id='word_1_159' title='bbox 473 3395 547 3464; x_wconf 91' lang='lat' dir='ltr'><strong>suis</strong></span> <span class='ocrx_word' id='word_1_160' title='bbox 568 3396 722 3464; x_wconf 87' lang='lat' dir='ltr'><strong>efficeret</strong></span> <span class='ocrx_word' id='word_1_161' title='bbox 743 3416 887 3486; x_wconf 90' lang='lat' dir='ltr'><strong>equum.</strong></span> <span class='ocrx_word' id='word_1_162' title='bbox 913 3394 1029 3463; x_wconf 89' lang='lat' dir='ltr'><strong>Tertio</strong></span> 
     </span>
     <span class='ocr_line' id='line_1_25' title="bbox 70 3505 1030 3597; baseline 0.003 -27"><span class='ocrx_word' id='word_1_163' title='bbox 70 3508 198 3577; x_wconf 87' lang='lat' dir='ltr'><strong>tandem</strong></span> <span class='ocrx_word' id='word_1_164' title='bbox 228 3508 351 3577; x_wconf 91' lang='lat' dir='ltr'><strong>intime</strong></span> <span class='ocrx_word' id='word_1_165' title='bbox 373 3513 565 3597; x_wconf 80' lang='lat' dir='ltr'><strong>martyrem</strong></span> <span class='ocrx_word' id='word_1_166' title='bbox 585 3513 718 3574; x_wconf 84' lang='lat' dir='ltr'><strong>exorat.</strong></span> <span class='ocrx_word' id='word_1_167' title='bbox 744 3509 839 3573; x_wconf 90' lang='lat' dir='ltr'><strong>Tunc</strong></span> <span class='ocrx_word' id='word_1_168' title='bbox 855 3505 1030 3596; x_wconf 88' lang='lat' dir='ltr'><strong>stupenda</strong></span> 
     </span>
     <span class='ocr_line' id='line_1_26' title="bbox 68 3616 1030 3711; baseline 0.005 -30"><span class='ocrx_word' id='word_1_169' title='bbox 68 3636 141 3687; x_wconf 88' lang='lat' dir='ltr'><strong>sane</strong></span> <span class='ocrx_word' id='word_1_170' title='bbox 156 3620 309 3700; x_wconf 89' lang='lat' dir='ltr'><strong>ratione,</strong></span> <span class='ocrx_word' id='word_1_171' title='bbox 326 3625 362 3688; x_wconf 91' lang='lat' dir='ltr'><strong>et</strong></span> <span class='ocrx_word' id='word_1_172' title='bbox 383 3619 484 3711; x_wconf 88' lang='lat' dir='ltr'><strong>quasi</strong></span> <span class='ocrx_word' id='word_1_173' title='bbox 500 3624 618 3687; x_wconf 82' lang='lat' dir='ltr'><strong>creata</strong></span> <span class='ocrx_word' id='word_1_174' title='bbox 632 3618 770 3687; x_wconf 86' lang='lat' dir='ltr'><strong>noviter</strong></span> <span class='ocrx_word' id='word_1_175' title='bbox 784 3616 911 3696; x_wconf 89' lang='lat' dir='ltr'><strong>anima,</strong></span> <span class='ocrx_word' id='word_1_176' title='bbox 926 3638 1030 3709; x_wconf 82' lang='lat' dir='ltr'><strong>geue·</strong></span> 
     </span>
     <span class='ocr_line' id='line_1_27' title="bbox 68 3727 1025 3822; baseline 0.003 -29"><span class='ocrx_word' id='word_1_177' title='bbox 68 3748 159 3798; x_wconf 90' lang='lat' dir='ltr'><strong>rosus</strong></span> <span class='ocrx_word' id='word_1_178' title='bbox 174 3732 376 3822; x_wconf 87' lang='lat' dir='ltr'><strong>quadrupes</strong></span> <span class='ocrx_word' id='word_1_179' title='bbox 384 3729 419 3797; x_wconf 94' lang='lat' dir='ltr'><strong>in</strong></span> <span class='ocrx_word' id='word_1_180' title='bbox 433 3730 541 3821; x_wconf 90' lang='lat' dir='ltr'><strong>pedes</strong></span> <span class='ocrx_word' id='word_1_181' title='bbox 556 3750 633 3798; x_wconf 89' lang='lat' dir='ltr'><strong>sese</strong></span> <span class='ocrx_word' id='word_1_182' title='bbox 643 3727 757 3821; x_wconf 83' lang='lat' dir='ltr'><strong>erigit,</strong></span> <span class='ocrx_word' id='word_1_183' title='bbox 772 3734 870 3797; x_wconf 89' lang='lat' dir='ltr'><strong>artus</strong></span> <span class='ocrx_word' id='word_1_184' title='bbox 880 3727 1025 3809; x_wconf 87' lang='lat' dir='ltr'><strong>excutit,</strong></span> 
     </span>
     <span class='ocr_line' id='line_1_28' title="bbox 67 3841 1300 3935; baseline 0.008 -30"><span class='ocrx_word' id='word_1_185' title='bbox 67 3842 232 3927; x_wconf 85' lang='lat' dir='ltr'><strong>pascitur,</strong></span> <span class='ocrx_word' id='word_1_186' title='bbox 251 3850 287 3911; x_wconf 88' lang='lat' dir='ltr'><strong>et</strong></span> <span class='ocrx_word' id='word_1_187' title='bbox 301 3842 369 3911; x_wconf 88' lang='lat' dir='ltr'><strong>iter</strong></span> <span class='ocrx_word' id='word_1_188' title='bbox 384 3843 498 3911; x_wconf 86' lang='lat' dir='ltr'><strong>laetior</strong></span> <span class='ocrx_word' id='word_1_189' title='bbox 508 3842 654 3935; x_wconf 79' lang='lat' dir='ltr'><strong>arripit,</strong></span> <span class='ocrx_word' id='word_1_190' title='bbox 679 3841 861 3910; x_wconf 81' lang='lat' dir='ltr'><strong>laetissima</strong></span> <span class='ocrx_word' id='word_1_191' title='bbox 871 3842 1025 3911; x_wconf 89' lang='lat' dir='ltr'><strong>domina.</strong></span> <span class='ocrx_word' id='word_1_192' title='bbox 1056 3872 1238 3926; x_wconf 64' lang='lat' dir='ltr'><strong>manuninum</strong></span> <span class='ocrx_word' id='word_1_193' title='bbox 1251 3885 1300 3915; x_wconf 65' lang='lat' dir='ltr'><strong>aui-</strong></span> 
     </span>
     <span class='ocr_line' id='line_1_29' title="bbox 67 3934 1220 4045; baseline 0.003 -27"><span class='ocrx_word' id='word_1_194' title='bbox 67 3951 165 4029; x_wconf 84' lang='lat' dir='ltr'><strong>Quam</strong></span> <span class='ocrx_word' id='word_1_195' title='bbox 191 3953 513 4045; x_wconf 79' lang='lat' dir='ltr'><strong>martyrisgratiam</strong></span> <span class='ocrx_word' id='word_1_196' title='bbox 541 3952 688 4022; x_wconf 91' lang='lat' dir='ltr'><strong>notabili</strong></span> <span class='ocrx_word' id='word_1_197' title='bbox 707 3953 931 4045; x_wconf 88' lang='lat' dir='ltr'><strong>postmodum</strong></span> <span class='ocrx_word' id='word_1_198' title='bbox 947 3958 1029 4021; x_wconf 88' lang='lat' dir='ltr'><strong>voto</strong></span> <span class='ocrx_word' id='word_1_199' title='bbox 1135 3934 1220 3977; x_wconf 46' lang='lat' dir='ltr'><strong>“mul</strong></span> 
     </span>
     <span class='ocr_line' id='line_1_30' title="bbox 65 4066 966 4135; baseline 0.01 -9"><span class='ocrx_word' id='word_1_200' title='bbox 65 4069 330 4135; x_wconf 86' lang='lat' dir='ltr'><strong>contestataest.</strong></span> <span class='ocrx_word' id='word_1_201' title='bbox 964 4066 966 4071; x_wconf 74' lang='grc'>’</span> 
     </span>
    </p>
   </div>
   <div class='ocr_carea' id='block_1_4' title="bbox 104 4180 1285 4299">
    <p class='ocr_par' dir='ltr' id='par_1_4' title="bbox 104 4180 1285 4299">
     <span class='ocr_line' id='line_1_31' title="bbox 104 4180 1285 4299; baseline -0.003 -48"><span class='ocrx_word' id='word_1_202' title='bbox 104 4180 156 4251; x_wconf 76' lang='grc'><strong>54.</strong></span> <span class='ocrx_word' id='word_1_203' title='bbox 183 4184 238 4255; x_wconf 90' lang='grc'><strong>55.</strong></span> <span class='ocrx_word' id='word_1_204' title='bbox 264 4184 406 4260; x_wconf 87' lang='lat' dir='ltr'><strong>Puellus</strong></span> <span class='ocrx_word' id='word_1_205' title='bbox 428 4186 629 4255; x_wconf 87' lang='lat' dir='ltr'><strong>Theodorus</strong></span> <span class='ocrx_word' id='word_1_206' title='bbox 661 4184 914 4254; x_wconf 86' lang='lat' dir='ltr'><strong>invaletudine</strong></span> <span class='ocrx_word' id='word_1_207' title='bbox 937 4205 1030 4275; x_wconf 87' lang='lat' dir='ltr'><strong>qua·</strong></span> <span class='ocrx_word' id='word_1_208' title='bbox 1069 4180 1285 4299; x_wconf 50' lang='grc' dir='ltr'><strong>’ᾚἭζωι</strong></span> 
     </span>
    </p>
   </div>
   <div class='ocr_carea' id='block_1_5' title="bbox 0 0 1634 5484">
    <p class='ocr_par' dir='ltr' id='par_1_5' title="bbox 0 0 1634 5484">
     <span class='ocr_line' id='line_1_32' title="bbox 0 0 1634 5484; baseline 0 5"><span class='ocrx_word' id='word_1_209' title='bbox 0 0 1634 5484; x_wconf 95' lang='lat' dir='ltr'><strong> </strong></span> 
     </span>
    </p>
   </div>
  </div>
 </body>
</html>
