3259 5484
952 722 1153 793 -ms-

566 902 663 945 serras
682 883 737 945 Dei
752 902 841 943 runnu
855 883 934 944 inter
947 883 1043 945 media
1061 882 1181 945 uulnera
1195 882 1395 945 exclamauit:
1415 885 1439 947 0
1462 888 1542 947 Deus
1621 909 1622 965 }

567 985 673 1046 cneus!
701 984 798 1065 ibique
821 984 917 1065 plebis
937 984 1121 1067 sclopetariis
1141 992 1230 1066 eaput
1244 1004 1359 1045 sacrum
1384 987 1542 1067 trajiciant
1621 972 1622 1037 3

565 1089 712 1149 etiterum
721 1088 852 1169 fustibus
862 1088 987 1152 cadunt.
1005 1093 1133 1172 Cumque
1144 1110 1248 1173 corpus
1257 1092 1383 1153 uestibus
1395 1096 1543 1155 auaissent

565 1202 595 1253 et
608 1193 710 1255 cilicio
722 1193 857 1254 indutum
872 1194 1097 1276 conspexissent,
1111 1213 1150 1256 ea·
1159 1194 1212 1255 hoe
1222 1196 1374 1277 aspirati,
1385 1197 1466 1279 quod
1475 1200 1543 1258 occi·

565 1316 613 1356 sus
629 1295 735 1375 suisset
748 1296 839 1370 alius,
857 1304 886 1358 et
900 1316 955 1357 aon
969 1297 1211 1379 archiepiscopus,
1237 1306 1328 1359 totam
1342 1299 1542 1382 domum'pcr-

564 1419 683 1480 querere
696 1407 862 1481 coeperunt,
882 1408 915 1461 ut
933 1400 1182 1483 archiepiscopum
1203 1400 1380 1474 invenirent,
1400 1403 1491 1465 donec
1510 1424 1543 1465 ca

567 1510 637 1563 teste
648 1502 720 1582 ipso,
733 1521 821 1583 quem
832 1501 873 1563 ad
887 1520 990 1583 corpus
1000 1501 1253 1583 recopnoscendum
1266 1502 1467 1573 adductorum,
1484 1526 1543 1566 cer·
1622 1521 1623 1559 t

566 1606 737 1686 tioressucti
745 1607 879 1687 suerunt,
889 1624 953 1667 uere
962 1604 1322 1688 archiepiscopumepsum,
1336 1616 1426 1667 elnon
1436 1608 1538 1677 olium,
1622 1590 1623 1615 ³

565 1708 656 1782 fuisse
669 1711 804 1770 occisum.

605 1811 758 1892 Cumque
772 1811 968 1893 depositmne
983 1810 1188 1875 adamussim
1202 1812 1372 1876 oonoordat
1384 1812 1503 1875 secund
1509 1832 1542 1875 us

566 1915 650 1976 testis
663 1916 694 1975 in
712 1916 850 1975 Processu
865 1914 947 1976 urbis
962 1914 1002 1977 de
1019 1915 1129 1977 auditu
1144 1934 1160 1977 a
1179 1914 1273 1977 fratre
1294 1934 1447 1995 germarto
1468 1924 1542 1978 teste

567 2016 683 2078 ibidem
698 2017 738 2078 (lo
753 2018 839 2092 visu;
857 2027 888 2080 et
913 2022 949 2080 ot
969 2019 1053 2081 testis
1065 2019 1096 2080 in
1110 2018 1221 2081 eodem
1233 2020 1372 2083 Processu
1389 2020 1544 2081 Poloeensi

565 2126 671 2187 cosnos'
694 2125 801 2187 itidem
824 2126 977 2207 passionis
996 2126 1169 2208 Josaphati,
1189 2127 1245 2209 qui
1268 2126 1384 2201 subdit,
1401 2147 1447 2200 se,
1466 2128 1542 2189 dum
1623 2131 1624 2199 ζ

565 2230 734 2291 servusDoi
744 2230 949 2304 occideretur,
965 2230 1103 2313 positum
1114 2230 1208 2293 fuisse
1219 2230 1251 2292 in
1264 2238 1390 2303 terium,
1405 2230 1541 2292 fustibus
1623 2216 1624 2225 ¹

565 2331 935 2413 oeesumvulneribusque
945 2332 1091 2396 affectum
1102 2334 1134 2394 in
1145 2350 1217 2394 area
1227 2331 1378 2395 domuset
1388 2333 1421 2393 in
1435 2350 1543 2394 ooeme·

566 2437 654 2511 teria,
667 2455 821 2501 asserens:
836 2438 934 2520 Ipsam
949 2458 1041 2500 meam
1056 2439 1147 2500 m'tam
1161 2437 1339 2499 miraculum
1361 2438 1543 2512 censco;scio

568 2538 646 2597 caim
657 2558 701 2598 me
712 2538 754 2597 ita
766 2556 869 2599 caesum
881 2539 982 2619 faisse,
994 2547 1027 2599 ut
1041 2538 1223 2600 naturaliter
1235 2558 1325 2619 neque
1338 2538 1466 2599 minima
1474 2558 1542 2619 par-

567 2643 659 2704 ticula
679 2644 778 2703 carnis
801 2644 963 2725 ossiumque
985 2664 1103 2706 monere
1127 2643 1245 2724 intepro
1265 2650 1371 2724 posset.
1406 2642 1543 2703 Testatur

567 2746 654 2808 uestis
668 2766 748 2821 mea,
771 2747 823 2807 hoc
842 2754 929 2827 caput
950 2767 1044 2810 meum
1068 2746 1257 2808 cicatricibus
1272 2744 1499 2828 plenissimum,·
1513 2752 1540 2807 et
1624 2743 1625 2767 i

565 2849 643 2931 quod
655 2848 783 2910 moaime
797 2869 857 2910 rem
871 2858 958 2929 aupet
968 2856 1139 2930 praesentem
1158 2894 1166 2922 ‚
1186 2862 1250 2910 cum
1264 2858 1332 2909 ante
1346 2848 1408 2909 hae
1420 2849 1539 2909 uerbera

567 2951 669 3013 multis
686 2952 847 3013 distinerer
869 2952 1049 3013 ualetudinis
1069 2952 1361 3021 incommoditatibus,
1387 2972 1464 3012 nunc
1487 2950 1542 3013 llei

565 3056 665 3139 pratia
676 3058 786 3133 optime
799 3055 1227 3133 ualeo,utahobituseroi1)ei
1237 3054 1320 3115 nullo
1334 3054 1415 3115 modo
1425 3064 1543 3115 recatus

564 3162 688 3242 fecerim,
705 3162 764 3221 nisi
776 3160 854 3241 quod
874 3161 1044 3241 sanquinem
1065 3158 1214 3221 interdum
1227 3180 1328 3242 spaam
1342 3179 1352 3219 .·
1373 3160 1426 3220 lcoe
1448 3167 1544 3219 tamen

565 3264 628 3324 sinc
642 3262 704 3323 ullo
717 3262 817 3325 dolore
837 3272 866 3324 et
888 3263 1065 3324 ualetudinis
1087 3262 1273 3324 detrimento.
1298 3260 1425 3323 Addens
1447 3260 1544 3341 paulo

567 3372 654 3446 post:
668 3365 734 3445 Ipso
748 3363 797 3425 die
808 3364 914 3425 mortis
923 3364 1001 3425 serui
1013 3362 1081 3439 Dei,
1093 3362 1230 3443 cumjam
1244 3362 1421 3423 schismatici
1430 3360 1543 3421 curiam

566 3467 840 3549 archiepiscopalem
881 3466 1075 3542 invasissent,
1120 3464 1287 3545 familiares
1333 3460 1545 3542 archicpiscopi

567 3572 758 3651 defensionem
772 3570 933 3653 parabant,
948 3568 999 3630 sed
1010 3588 1111 3629 seruus
1126 3568 1183 3629 Dei
1192 3566 1347 3649 prohibuit
1362 3565 1496 3633 ommno,
1512 3582 1544 3620 nc

568 3674 613 3735 uel
624 3672 811 3734 vulnerarent
823 3672 954 3754 aliquem
964 3691 1001 3732 ec
1009 3669 1189 3752 parricidis,
1207 3669 1252 3731 vel
1259 3668 1345 3749 piabo
1358 3667 1542 3747 trajicerent.

568 3777 600 3837 E
602 3786 613 3835 t
628 3776 680 3836 hoc
696 3777 759 3858 suit
783 3774 813 3834 in
836 3794 938 3849 eausa,
959 3772 1037 3854 quael
1055 3772 1251 3846 schismatici,
1276 3770 1391 3832 uiribus
1409 3769 1542 3849 sumptis,

567 3878 719 3940 ardentius
731 3878 911 3954 institerint,
923 3884 1043 3957 portam
1059 3876 1152 3937 curiae
1167 3875 1327 3956 scoperinh
1342 3872 1456 3934 domum
1472 3891 1545 3932 occec·

564 3982 714 4064 paverint,
729 4002 764 4042 oc
776 4001 821 4042 me
834 3991 860 4041 et
876 3980 914 4041 l).
927 3978 1150 4041 Emmanuelem
1166 3978 1399 4041 Cautaeuzenum
1413 3984 1544 4035 cumtotn

567 4087 690 4167 familia
701 4085 870 4148 ceciderint
876 4104 886 4160 3
902 4083 1000 4144 nullas
1011 4090 1106 4143 tamen
1119 4102 1157 4143 ea
1167 4081 1386 4142 nobismortaus
1396 4086 1437 4139 cst
1449 4097 1462 4137 .·
1471 4075 1547 4159 quod

568 4188 684 4272 quidem
698 4206 797 4248 seruus
807 4186 864 4247 llei
877 4186 908 4245 in
924 4186 987 4247 uita
995 4183 1174 4267 praedixisse
1184 4183 1258 4245 mihi
1273 4182 1475 4258 adclamatum
1488 4200 1543 4243 scr-
