3259 5484
452 708 633 783 ..79-

61 872 174 933 sancta
188 864 333 947 unione,
350 888 416 958 pru
434 888 575 935 summu
590 867 755 937 Ecclesiae
776 868 904 961 capita,
926 869 1029 939 unice

59 986 233 1069 expetere.
251 983 293 1047 Et
307 1000 401 1071 aegre
415 981 568 1072 quodam
592 985 750 1072 tempore
774 980 971 1049 serentibus
985 981 1029 1049 ad

60 1110 212 1157 mensam
232 1088 425 1169 nonnullis,
454 1090 550 1179 quud
565 1100 714 1158 mortem
734 1088 898 1159 assiduus
911 1090 1030 1159 masti-

58 1209 160 1283 caret,
172 1204 314 1273 cuidam
322 1202 488 1295 opposuit
499 1226 507 1271 :
519 1212 548 1275 te
556 1202 670 1271 authu
678 1202 815 1293 impedit
824 1210 861 1270 ut
870 1204 1025 1285 comedas,

56 1342 103 1387 mc
115 1322 228 1389 nudus
241 1330 278 1389 ut
290 1321 441 1389 mariun:
458 1322 558 1412 idque
576 1342 638 1411 pro
651 1320 717 1389 Deo
734 1340 816 1405 mco,
829 1342 890 1411 pro
916 1329 1028 1389 sanctu

58 1433 215 1503 cuthoticu
233 1436 354 1503 aenium
364 1435 499 1503 mariar-

97 1559 133 1623 In
141 1556 295 1626 decursu
307 1557 462 1628 octubris
472 1558 555 1626 anni
568 1557 666 1638 1623,
677 1558 1028 1651 increbuittcsapha·
1054 1590 1179 1635 uranum
1192 1594 1252 1637 nara
1268 1594 1300 1639 a·

57 1678 126 1737 tum
141 1670 346 1741 Vitehseum
362 1671 515 1753 iturum3
531 1693 641 1763 quare
661 1671 812 1763 quisque
834 1671 1026 1741 amicornm
1072 1738 1075 1744 ,
1108 1654 1237 1699 ''i“mm·

56 1780 271 1851 enubilitate
285 1782 477 1862 Potocensi,
494 1805 558 1874 pro
572 1804 637 1851 sun
652 1782 857 1851 dissuadere
872 1782 997 1852 affectu
1018 1806 1025 1850 :

54 1892 206 1961 intentus
221 1893 467 1963 Vitebscenses
480 1894 557 1985 ejus
576 1894 676 1975 vitae,
701 1901 930 1986 extremaque
946 1916 1028 1964 mo-

55 2004 106 2071 liri
125 2028 132 2073 :
149 2011 185 2075 et
207 2005 238 2073 si
260 2007 402 2096 penitus
424 2006 475 2074 ire
496 2006 696 2086 statuisset,
717 2006 922 2097 praesidium
944 2027 1026 2074 suo-

54 2139 128 2184 rum
152 2124 367 2209 acceptaret.
393 2118 578 2187 Recusavit
600 2118 677 2197 ilie,
696 2138 830 2209 suoque
849 2116 1026 2185 munitum

54 2228 221 2297 comitatu
245 2230 500 2321 profecturum.
525 2233 594 2299 Nec
615 2230 706 2299 velle
737 2229 781 2297 ab
813 2230 885 2298 ullu
919 2228 1026 2297 vitam

54 2361 169 2421 suam,
189 2362 298 2433 quam
318 2345 424 2411 aDec
438 2342 542 2411 tueri.
559 2342 608 2410 hd
624 2342 832 2433 martyrium
848 2346 1025 2432 paratum,

53 2451 80 2518 si
104 2454 209 2522 modu
221 2453 380 2544 dignum,
392 2453 453 2545 qui
468 2453 576 2521 vitam
591 2459 628 2523 et
646 2453 852 2545 sanguinem
878 2474 942 2544 pro
956 2456 1027 2521 Deo

54 2563 216 2633 eluceret.
244 2565 446 2657 Praecipuus
461 2566 653 2634 amicorum
668 2566 860 2658 magnique
874 2565 1027 2634 numinis

52 2673 193 2743 Michael
209 2675 429 2766 Tyszkievicz
455 2675 640 2767 uicejudex
665 2676 885 2756 PulucensiS,
911 2675 1028 2745 Viteb-

53 2784 229 2854 scensium
239 2785 469 2879 benegnarus
478 2787 789 2868 machinationum,
803 2810 848 2857 ne
862 2787 930 2857 iter
942 2785 1027 2855 illuc

52 2902 269 2985 capesseret,
287 2896 475 2967 discrimen
494 2897 654 2979 evitaret,
669 2898 776 2968 vitam
791 2898 952 2967 ulteriori
968 2901 1027 2966 Ee-

51 3004 164 3077 clesiae
179 3008 329 3078 utilitati
347 3017 525 3090 servaret,
542 3010 677 3079 orabat.
693 3015 762 3081 Nec
774 3020 855 3080 vnto
878 3012 1023 3102 potitus

52 3139 86 3185 se
101 3118 221 3211 ipsum
242 3143 395 3213 suusque
412 3122 560 3192 comites
574 3122 727 3204 itineriS,
746 3129 782 3193 et
794 3122 903 3192 vitam
926 3144 1026 3191 suam

51 3252 269 3323 suorumque
283 3254 348 3324 pro
361 3233 434 3304 uita
448 3234 525 3323 ejus
539 3233 747 3303 obtutuum
762 3234 839 3326 ipsc
854 3253 932 3303 cum
951 3255 1028 3325 gra-

55 3342 120 3412 tias
144 3366 212 3437 pru
237 3367 321 3413 cura
344 3345 398 3413 sui
414 3346 561 3437 egisset,
576 3346 669 3415 nulle
689 3368 726 3415 se
749 3347 860 3415 ullum
880 3345 1026 3413 minimo

50 3454 204 3546 abjicere
220 3454 396 3547 pericu103
411 3455 515 3547 longe
526 3478 610 3526 veru
623 3457 734 3548 magis
750 3465 920 3527 extreme.
936 3456 1027 3525 hmi-

50 3592 169 3640 curum
186 3570 429 3663 comitumque
446 3571 646 3663 frequentia
659 3591 728 3640 non
744 3593 865 3662 egere;
890 3592 953 3639 suo
968 3571 1027 3638 fa-

49 3683 187 3752 mulitio
204 3688 431 3763 contentum,
450 3683 639 3753 discrimen
654 3682 735 3752 vitae
766 3704 840 3751 suae
855 3702 926 3751 nun
939 3682 1026 3751 adeo

49 3795 312 3863 metuerextam
326 3801 362 3862 et
377 3793 604 3886 sepulchrum
627 3793 695 3863 sibi
720 3794 837 3886 parari
857 3794 1020 3885 jussisse.

48 3906 88 3972 Et
110 3911 235 3973 erecto
263 3904 300 3972 in
329 3906 459 3975 caelum
483 3905 632 3986 obtutu,
660 3905 846 3975 ruthenico
872 3905 1024 3997 subjecit

49 4014 386 4096 idiomatertiuum,
396 4016 544 4095 Domine,
554 4017 817 4105 uipuusefflciur‚
824 4018 1021 4107 prauumue,

48 4148 106 4213 pro
120 4127 304 4196 obedientia
317 4130 403 4196 sedis
420 4129 619 4219 apostatice,
639 4130 834 4219 suupuinem
858 4152 965 4198 meram
984 4128 1026 4195 ti*
