3259 5484
998 641 1175 713 ..64-

600 805 692 875 Patri
713 804 1033 875 misericordiarum
1056 826 1096 874 ac
1114 809 1187 891 Deo
1199 806 1308 876 totius
1323 805 1570 875 consolationis

493 978 496 981 ,
601 920 636 987 in
669 918 816 987 ecclesia
858 939 936 985 oum
961 924 1066 987 cantu
1094 918 1342 1009 praesentavit,
1371 920 1569 1010 gratiasque

601 1052 665 1122 pro
689 1050 810 1098 eorum
828 1028 1054 1098 conversione
1074 1029 1221 1120 peregit.
1248 1030 1346 1113 Quod
1371 1029 1489 1121 ipsum
1515 1029 1570 1097 ille

603 1148 643 1211 ut
656 1148 759 1209 antea
770 1161 921 1231 semper,
933 1139 982 1208 sic
996 1141 1219 1231 postmodum
1233 1139 1420 1210 observare
1433 1140 1567 1219 solitus,

602 1285 682 1333 cum
698 1261 851 1331 animam
866 1261 1020 1353 aliquam
1037 1261 1156 1331 unioni
1177 1268 1307 1331 sanctae
1322 1262 1477 1331 lucratus
1491 1262 1573 1330 fuis-

603 1382 668 1445 set.
699 1374 931 1445 constitutam
960 1374 1092 1466 quippe
1117 1374 1153 1442 in
1184 1375 1338 1467 templo,
1373 1374 1428 1442 vel
1461 1374 1568 1453 alibi,

603 1508 719 1557 coram
736 1486 847 1555 oculis
863 1507 1003 1577 semper
1014 1483 1191 1576 vigilantis
1206 1485 1361 1566 Domini,
1384 1506 1489 1554 suave
1512 1507 1574 1553 ro-

349 1630 371 1671 n
388 1628 490 1672 maron
504 1627 564 1670 nana
604 1598 766 1666 rantibus
789 1597 952 1687 lacrymis
973 1596 1089 1665 aiebat
1112 1620 1118 1664 :
1140 1597 1226 1665 Deus
1245 1618 1351 1681 meua,
1372 1618 1436 1665 cccc
1453 1618 1574 1684 erron-

388 1692 520 1734 A¹¹⁶*¹⁰'¹''¹¹'
606 1707 790 1778 ternionem
802 1729 909 1790 ovem,
926 1708 986 1775 tibi
996 1728 1067 1775 eom
1079 1702 1271 1776 commendo.
1289 1712 1368 1776 llaec
1382 1706 1575 1775 moderatio

605 1830 640 1892 et
656 1821 806 1912 benigna
827 1819 974 1889 comitas
992 1819 1192 1888 itinerantis
1206 1820 1383 1911 quondam
1395 1818 1576 1909 losaphati

604 1932 758 2001 nobilem
770 1931 901 2000 Soroka
917 1952 995 2001 cum
1011 1930 1124 1999 tribus
1137 1930 1294 2011 filiabuS,
1311 1954 1354 2000 ex
1367 1932 1494 2000 haeresi
1513 1932 1578 1999 cal-

604 2043 756 2133 viniana
768 2042 940 2112 catholico
964 2038 1208 2112 annumeravit
1223 2045 1331 2135 gregi.
1350 2044 1538 2113 Transibat
1550 2046 1578 2113 is

605 2154 774 2246 oppidum
790 2154 826 2221 in
842 2153 1028 2223 lithuania
1052 2156 1151 2245 Dudy
1172 2160 1354 2236 vocatum,
1372 2161 1408 2225 ct
1430 2178 1514 2224 cum
1537 2158 1578 2224 ad

606 2267 798 2357 parochum
814 2266 1031 2335 descendens
1045 2266 1328 2335 commoditatem
1343 2288 1412 2335 non
1429 2268 1579 2359 reperis

606 2385 678 2457 set,
699 2378 892 2447 instillante
905 2379 1045 2457 eodem,
1059 2377 1190 2446 dictum
1204 2378 1579 2447 nobilemhaereticuvn

336 2524 431 2567 aaaron
457 2524 579 2567 varstan„
595 2480 669 2584 'per
684 2513 791 2583 quam
806 2512 971 2581 asperum
992 2490 1140 2570 viseret,
1165 2488 1421 2559 commoditatis
1442 2512 1522 2559 suae
1549 2500 1580 2559 et
1623 2542 1624 2545 ,

358 2586 580 2691 ·ffl}⁸b,⁵·,¹f,¹,⁰ss,}2¹.¹¹¹,¹,¹‡]
607 2604 730 2673 salutis
745 2603 823 2694 ejus
844 2603 1063 2672 occasionem
1079 2602 1276 2672 habiturus.
1294 2602 1476 2671 Perlibeus
1501 2625 1580 2672 eum

363 2713 433 2755 mm·
607 2715 755 2785 accessit
765 2716 943 2806 Iosophat,
958 2714 1018 2783 sed
1030 2713 1153 2805 frigide
1164 2713 1303 2805 excepit
1313 2713 1579 2804 paterfamilias.

606 2828 755 2898 Molliter
770 2848 850 2896 cum
871 2847 913 2897 eo
928 2827 980 2895 vir
994 2826 1055 2897 Dei
1069 2828 1112 2896 de
1127 2826 1234 2897 rebus
1247 2827 1328 2897 lidei
1343 2826 1431 2917 egit,
1448 2832 1490 2895 et
1505 2850 1581 2895 curu
1622 2846 1623 2849 ’

608 2961 645 3008 sc
661 2938 878 3007 calvinistam
893 2960 970 3007 esse
987 2938 1101 3007 lassus
1120 2937 1264 3017 fuisset,
1287 2937 1438 3006 fortibus
1453 2938 1583 3008 decer-

608 3053 740 3116 tantem
761 3046 911 3116 convicit
925 3047 1153 3139 argumentis
1171 3057 1210 3116 ut
1232 3047 1345 3117 solum
1359 3047 1389 3116 el
1407 3048 1449 3115 ad
1465 3052 1584 3117 catho-

596 3154 709 3225 licam
723 3158 828 3227 fidem
842 3158 930 3227 vcllc
946 3157 1109 3227 deluerit.
1123 3159 1167 3226 At
1182 3157 1262 3226 filiae
1276 3163 1365 3237 tres,
1385 3156 1585 3227 rationibus
1621 3212 1622 3231 1

606 3269 804 3361 losephati‚
832 3272 902 3337 Deo
925 3291 985 3338 cor
1009 3274 1192 3359 tangente,
1215 3268 1439 3347 illuminatae‚
1467 3270 1584 3337 virum

609 3382 670 3450 Dei
681 3381 813 3473 optime
828 3379 984 3450 locutum
1001 3381 1121 3460 lateri,
1137 3386 1173 3449 et
1188 3386 1388 3472 parentem,
1408 3384 1447 3447 ut
1463 3402 1585 3451 errore

609 3495 784 3563 haereseos
799 3493 949 3585 ejurato,
965 3493 1159 3562 catholicus
1172 3492 1283 3573 lieret,
1295 3492 1502 3562 obsecrare.
1519 3499 1586 3562 Non

608 3606 823 3675 assentiente
837 3604 908 3685 illo,
922 3605 965 3673 ad
979 3606 1087 3697 pedes
1099 3605 1262 3698 praesulis
1277 3606 1466 3684 advolutae,
1483 3606 1586 3675 fidem

610 3724 766 3787 sanctam
795 3718 984 3810 professa,
1026 3718 1211 3809 eidemque
1245 3724 1367 3809 postea
1397 3720 1584 3788 confessa.

610 3834 798 3922 Postquam
811 3830 976 3899 rescisset
989 3829 1023 3898 id
1037 3851 1176 3921 parens,
1193 3827 1366 3920 indignari
1378 3832 1585 3921 losaphato
1619 3912 1620 3925 2

599 3946 727 4015 verbis
739 3943 1068 4023 indecorisafficere,
1082 3950 1118 4013 et
1129 3950 1168 4012 ut
1182 3943 1286 4011 domo
1296 3942 1456 4021 cederet,
1474 3944 1588 4011 acrius

611 4059 754 4126 instare.
779 4056 910 4135 Gessit,
934 4056 1082 4126 canibus
1097 4056 1202 4125 ctiam
1223 4052 1390 4122 immissis
1413 4053 1587 4131 eductus,
