3259 5484
308 3530 409 3574 lltrucuta
428 3535 476 3585 post
494 3542 551 3573 mor·

335 3590 428 3647 temejus
438 3604 485 3634 eum
492 3592 552 3643 Brevi

336 3654 550 3702 Urbnnllllllatalia.

857 750 861 763 ,
966 682 1168 751 -ltl-

581 832 703 902 darum
721 856 825 925 pererra
839 834 873 901 in
888 834 1052 903 Graeciam
1067 856 1107 903 ac
1123 834 1339 904 Palaestinam
1355 838 1538 929 profugisse

580 957 616 1016 ct
633 947 755 1013 animae
774 968 844 1014 suae
858 946 1041 1016 affectibus
1060 946 1238 1017 dilaniatae
1253 948 1539 1041 Constantinopoli

580 1069 615 1128 et
639 1058 899 1149 hierosolymis
916 1061 1007 1151 apud
1034 1061 1284 1151 patriarchales
1304 1063 1422 1141 sedes,
1438 1064 1540 1131 mede·

579 1170 649 1237 lam
672 1168 868 1261 quaesiisse,
894 1192 957 1239 nec
984 1170 1170 1239 invenisse.
1187 1172 1268 1239 ldeo
1284 1193 1430 1263 peregre
1445 1173 1477 1239 in
1491 1195 1540 1264 pa-

580 1280 684 1349 triam
706 1304 899 1365 reversum,
918 1282 1138 1352 conscientiae
1158 1282 1310 1351 stimulis
1324 1284 1536 1376 exagitatum,

579 1392 722 1473 unioni,
738 1394 916 1475 Ecclesiae,
935 1402 970 1463 et
984 1402 1122 1485 patrum
1138 1395 1250 1486 patri,
1268 1399 1423 1464 llomano
1440 1395 1540 1463 Ponti·

578 1501 648 1580 lici,
678 1523 770 1571 anno
791 1501 877 1572 loen
899 1504 955 1572 die
975 1502 1018 1571 23
1050 1504 1229 1583 februarii,
1260 1504 1395 1573 vinctas
1416 1506 1539 1573 dedisse

578 1634 717 1681 manus.
747 1614 845 1696 Quod
872 1616 1052 1684 dexteram
1080 1616 1209 1685 excelsi
1239 1622 1447 1708 operatam,
1475 1638 1539 1683 sau·

578 1724 684 1815 guine
712 1725 892 1817 Josaphali
922 1726 1195 1818 interpellante,
1226 1750 1413 1818 processus
1445 1734 1539 1795 testes

577 1836 775 1917 contestati,
792 1838 962 1905 miraculo
976 1837 1205 1929 adscripserc.
1224 1843 1266 1907 Ut
1277 1838 1371 1907 enim
1386 1837 1538 1929 Stephani

578 1948 747 2039 sanguine
768 1949 811 2016 ad
841 1952 949 2017 Deum
986 1956 1198 2040 perorante,
1228 1972 1270 2017 ex
1302 1949 1407 2017 Saulo
1436 1948 1538 2017 uidere

577 2060 707 2128 meruit
727 2060 880 2129 Ecclesia
902 2061 1061 2139 Paulum,
1089 2061 1138 2129 sic
1162 2084 1206 2129 ex
1234 2062 1390 2139 Meletio,
1408 2068 1443 2129 et
1463 2068 1537 2128 rect

578 2171 717 2240 nomine
742 2172 900 2241 rrurximo.
918 2172 1058 2241 unionis
1084 2182 1330 2265 persecutore,
1360 2173 1535 2240 maximum

577 2270 887 2374 propugnatorem.
909 2288 941 2352 Is
962 2284 998 2352 in
1018 2284 1090 2353 vita
1111 2285 1252 2377 quidem
1270 2287 1419 2365 multos
1440 2285 1536 2355 sedin

578 2406 689 2463 morte
716 2396 837 2488 plures
862 2420 880 2465 e
906 2397 1093 2466 schismate
1118 2396 1302 2466 convertit.
1328 2400 1425 2465 :luno
1457 2395 1535 2464 enim
1614 2462 1615 2477 ἶ

580 2504 897 2576 rodenmannum
923 2508 1132 2587 decembris,
1161 2531 1229 2577 non
1251 2509 1325 2577 sine
1354 2507 1536 2599 suspicione
1614 2488 1615 2509 ¹

577 2617 752 2709 propinati
767 2618 811 2686 ab
828 2619 1037 2689 aduersariis
1052 2619 1192 2699 aconiti,
1213 2620 1426 2711 pedetentim
1450 2625 1537 2687 astu·

576 2728 719 2798 antibus
762 2732 943 2799 confectus
978 2738 1031 2800 est
1056 2730 1263 2800 uisceribus.
1290 2735 1326 2799 ln
1354 2730 1429 2821 ipso
1454 2728 1535 2798 exitu
1613 2750 1614 2789 r

578 2836 1536 2932 religiososmonasteriillermanensis,cujuseratarchi·

578 2952 752 3021 mandrita
767 2955 842 3039 (seu
858 2952 992 3040 abhas),
1015 2952 1162 3031 monuit,
1184 2952 1345 3020 morienti
1365 2952 1431 3020 sibi
1444 2956 1535 3019 Breve
1612 3016 1613 3025 ,

578 3064 806 3132 sanctissimae
834 3064 1010 3132 memoriae
1035 3063 1164 3133 Urbani
1193 3067 1263 3133 Vlll
1290 3085 1354 3155 pro
1384 3058 1536 3151 archiepi-

577 3183 722 3267 scopatu
760 3176 1041 3268 Hierapolitan0,
1080 3198 1150 3266 quo
1184 3176 1288 3244 etiam
1316 3198 1336 3243 a
1365 3174 1535 3243 schismate

577 3285 792 3366 solvebatur,
815 3286 851 3354 in
877 3308 1001 3353 manus
1022 3287 1213 3356 traderent.
1232 3285 1338 3355 Obliti
1363 3285 1433 3365 ihi,
1451 3282 1535 3376 quin-

579 3417 648 3487 que
675 3396 718 3463 ab
749 3396 870 3476 obitu,
904 3419 984 3465 cum
1013 3396 1242 3487 obriguisset‚
1273 3397 1391 3475 horis,
1418 3396 1534 3464 dextra

576 3497 718 3587 manui,
736 3506 898 3599 pollicem
917 3508 1008 3576 inter
1023 3514 1058 3577 et
1071 3508 1239 3586 indicem,
1256 3507 1489 3576 inseruerunt.
1502 3506 1535 3569 nt

580 3629 725 3708 repente
742 3618 788 3686 ita
805 3624 925 3699 Breve,
944 3619 979 3686 in
996 3620 1200 3688 membrana
1213 3618 1400 3710 scriptum,
1415 3613 1535 3685 inllexis

579 3730 868 3823 complicatisque
893 3732 1011 3824 digitis
1032 3732 1191 3812 strinxit,
1217 3740 1255 3801 ut
1275 3734 1407 3801 nemini
1433 3751 1535 3824 quan·

581 3842 899 3923 tumuisviolenler,
916 3866 995 3912 cum
1015 3866 1118 3912 manu
1135 3844 1278 3935 plurimi
1290 3866 1419 3936 corpus
1432 3839 1534 3911 tumba

580 3954 847 4041 protraherent,
873 3954 1057 4023 dimiserit.
1084 3956 1262 4024 Tentando
1284 3964 1403 4025 autem
1426 3952 1534 4025 verita-

581 4071 651 4131 tem
668 4066 848 4145 nonnulli,
867 4067 1243 4158 Constantinopolitani
1263 4068 1465 4159 patriarcha
1487 4062 1533 4131 lit·
