3259 5484
1058 706 1237 779 ..60-

660 865 807 957 proinde
832 868 1033 959 repudiato,
1059 866 1126 937 sibi
1148 866 1333 937 obedirent
1356 892 1363 935 :
1384 863 1559 937 orthodoxiam

660 990 827 1059 veterem,
846 980 881 1048 in
897 1003 966 1072 qua
978 981 1101 1049 Russia
1116 990 1196 1049 nata
1212 990 1248 1049 et
1260 982 1405 1050 educata
1419 986 1510 1055 esset,
1523 996 1562 1065 pro

660 1100 830 1183 pagarent
849 1114 856 1159 :
875 1091 1050 1161 inimicam
1067 1091 1285 1161 orthodoxiae
1301 1090 1474 1169 unionem,
1488 1087 1562 1176 utipa-

661 1201 777 1269 tribus
809 1200 986 1293 ignotam,
1018 1209 1054 1271 et
1084 1222 1207 1271 novam
1236 1201 1359 1279 tidem,
1385 1222 1403 1269 c
1429 1198 1519 1267 medio
1537 1192 1563 1260 ui

475 1394 480 1403 ¹
660 1312 951 1383 exterminarent.

415 1393 619 1500 ''b'iliiit'ss
704 1426 811 1493 Versa
844 1445 887 1493 ex
917 1445 958 1491 eo
997 1422 1032 1491 in
1066 1424 1293 1515 Josaphatum
1326 1420 1564 1491 schismaticorun

358 1523 361 1527 ¹
440 1522 613 1577 ‘mmm‘
659 1534 898 1619 odiaQuibus
913 1536 1083 1605 stimulati
1100 1536 1435 1629 modosquaesivere
1450 1536 1566 1627 quisunt

659 1646 872 1715 obstinatam
894 1649 1031 1718 alerent
1046 1649 1299 1740 firmarentque
1312 1649 1494 1741 perfidiam,
1508 1664 1567 1711 sana·
1586 1674 1588 1751 p

660 1765 732 1827 tam
748 1781 828 1828 cum
843 1762 1032 1851 Josaphato
1051 1759 1289 1852 opprimerent
1309 1760 1478 1829 unionem.
1492 1754 1569 1824 tlbun
1588 1766 1589 1837 p

658 1872 767 1963 igitur
797 1871 974 1964 quispiam
1004 1871 1255 1963 antesignanus
1278 1870 1422 1939 Polociae
1450 1852 1590 1937 corrant

659 1982 716 2051 oui
732 1982 874 2051 nomina
889 2004 951 2051 sua
967 1984 1067 2064 dare;
1091 1988 1126 2051 et
1145 1982 1205 2074 qui
1226 1982 1385 2062 celerior,
1407 1981 1464 2049 ille
1476 1973 1571 2045 zelosiu

658 2094 839 2163 aestimari.
852 2098 964 2176 Quare
978 2115 1057 2161 cum
1073 2092 1189 2184 quivis
1209 2115 1271 2184 per
1287 2098 1359 2161 tres
1374 2112 1502 2183 grossos
1511 2084 1573 2178 polo
1592 2114 1593 2175 p

659 2207 770 2287 nicoS,
787 2207 988 2298 quimorem
1006 2206 1136 2275 solidos
1152 2206 1284 2275 iaciunt
1298 2205 1501 2282 venetianus,
1513 2218 1574 2267 ana·
1593 2202 1594 2263 t

661 2316 786 2386 nueusi
807 2318 1001 2398 conferret,
1026 2317 1084 2385 alii
1100 2322 1357 2409 praecurrentes
1382 2313 1539 2384 liberalius
1550 2327 1575 2373 aa
1594 2290 1595 2355 i

659 2429 860 2508 effundere,
892 2435 931 2497 ut
955 2429 1090 2520 priores
1109 2436 1228 2498 essent
1245 2428 1281 2495 in
1302 2449 1459 2497 numero.
1475 2422 1576 2512 rajen-
1596 2464 1597 2531 p

659 2549 744 2612 ruut
758 2543 855 2624 albo,
870 2544 906 2612 in
926 2545 1162 2637 praestandam
1177 2543 1380 2613 Smotriscio
1393 2535 1577 2611 obedientiam
1597 2552 1598 2619 p

659 2656 881 2725 strictissima
897 2656 1111 2748 juramenta.
1129 2660 1197 2725 Nec
1213 2677 1324 2748 pauca
1345 2655 1516 2723 hominurn
1533 2645 1579 2715 uil-
1598 2638 1599 2705 i

658 2768 704 2835 lia
719 2768 944 2860 fuerunt,qui
961 2790 998 2837 se
1013 2769 1160 2837 Potociae
1176 2769 1302 2848 solum,
1320 2767 1400 2837 albo
1412 2767 1468 2835 isti
1479 2760 1580 2849 inscrip
1599 2726 1600 2793 i

659 2880 788 2960 serint,
816 2886 852 2949 et
862 2881 1094 2971 jurejurando
1118 2880 1387 2949 obstrinxerint.
1404 2884 1532 2949 Summa
1551 2872 1580 2937 in·

657 2992 859 3085 scriptionis
880 2999 916 3062 et
931 2993 1157 3073 sacramenti,
1178 3014 1270 3061 mors
1289 2992 1467 3084 Josaphati
1481 2988 1584 3058 fuitmt

657 3104 717 3196 qui
729 3104 773 3172 ab
783 3103 1130 3173 orthodoxiascilicet
1143 3104 1304 3173 orientali
1315 3104 1492 3181 recedens,
1506 3099 1539 3167 ad
1548 3100 1584 3163 Ro

386 3244 630 3317 upraumaamtpm-
656 3243 794 3289 manum
808 3220 997 3289 Ecclesiam
1010 3220 1209 3301 accesserit,
1220 3220 1290 3289 imo
1305 3220 1435 3289 latinus
1445 3211 1585 3288 sactussit-

412 3312 465 3411 iiii,
477 3308 565 3350 ¹⁸¹¹¹¹⁰⁰¹
580 3322 629 3351 ''¹¹''
656 3332 868 3402 Gravissimo
885 3332 920 3401 id
937 3332 1003 3400 sibi
1023 3332 1269 3401 Vitebsoenses
1285 3354 1357 3423 prae
1378 3333 1455 3400 aliis
1477 3344 1586 3422 persua·

656 3468 735 3515 sere
758 3450 987 3535 argumento:
1005 3445 1100 3536 quod
1113 3444 1287 3515 Varsaviae
1301 3445 1337 3512 in
1357 3444 1488 3537 templo
1503 3438 1587 3509 latino,

656 3562 733 3625 esto
757 3555 953 3635 slavonice,
981 3555 1090 3624 latina
1109 3562 1227 3625 tamen
1243 3555 1323 3623 alba
1346 3556 1491 3625 indutus
1508 3549 1589 3621 dirim

656 3669 856 3761 peregerit;
875 3675 911 3738 et
934 3668 984 3737 sic
1003 3691 1066 3761 per
1082 3668 1196 3736 albam
1223 3669 1389 3749 latinam,
1405 3670 1474 3737 vim
1498 3681 1591 3757 quana-

654 3781 735 3849 dam
748 3781 951 3860 habentem,
967 3781 1002 3849 in
1019 3780 1168 3849 latinum
1182 3781 1335 3850 mirabili
1352 3764 1592 3869 metamorphosi

655 3893 926 3961 transformatus
952 3892 1008 3960 sit.
1031 3894 1144 3984 Atque
1169 3891 1247 3961 ideo
1277 3881 1592 3983 propteralban,in

654 4002 789 4082 album,
808 4003 913 4073 etiam
929 4004 1173 4073 Vitebsoenses
1193 4010 1229 4072 et
1248 4002 1334 4070 varii
1350 4000 1552 4076 dioecesani,
1572 3998 1594 4059 ut

655 4113 837 4182 teterrimo
851 4113 1050 4206 parricidio,
1070 4136 1106 4184 se
1121 4114 1216 4206 ipsos
1230 4114 1469 4204 denigrarent.
