3259 5484
288 2460 532 2516 compamtmvotonbus

359 2524 450 2566 Sanctis.

287 3586 408 3641 Amplitudo
435 3586 532 3629 dioecoois

346 3649 474 3691 Potoconsis.

959 702 1137 774 ..52-

561 864 716 932 minimae
726 862 865 955 patiens
880 862 1044 942 maculae,
1062 882 1156 953 saepe
1169 860 1312 953 quidem
1328 882 1405 929 eam
1421 882 1532 930 sacro

561 981 690 1044 sanctae
709 974 927 1067 poenitentiae
949 974 1117 1066 mysterio
1144 972 1378 1053 emundabat,
1404 974 1532 1065 saepius

561 1094 679 1156 tamen
710 1087 816 1156 etiam
840 1086 876 1155 in
904 1087 978 1166 die,
1005 1108 1084 1155 cum
1110 1090 1180 1156 Deo
1208 1108 1346 1155 sacrum
1375 1087 1532 1155 facturus

560 1206 666 1269 esset.
688 1198 882 1291 Dicereque
898 1197 1038 1266 auditus
1054 1205 1127 1276 est,
1158 1218 1195 1267 se
1217 1197 1469 1266 confessarium
1489 1198 1531 1265 ad

560 1312 653 1380 latus
669 1332 772 1380 suum
787 1310 878 1380 velle
896 1316 1053 1402 portare,
1073 1314 1112 1377 ut
1127 1309 1289 1377 mundari
1311 1310 1533 1402 frequentius

559 1425 691 1511 posset.
705 1417 767 1487 Cui
777 1415 891 1486 officio
904 1437 974 1484 non
990 1416 1093 1484 modo
1105 1415 1148 1484 de
1163 1436 1236 1483 suae
1250 1414 1430 1507 religionis
1449 1415 1533 1483 assi-

560 1535 669 1603 duum
683 1532 858 1626 aliquem,
877 1531 1118 1601 verumetiam
1135 1531 1177 1600 de
1193 1537 1332 1622 patrum
1349 1531 1534 1601 Societatis

560 1650 641 1715 Jesu
654 1645 806 1723 familia,
824 1645 1036 1737 quandoque
1052 1643 1087 1711 in
1100 1644 1167 1712 hoc
1183 1665 1246 1712 suo
1259 1645 1427 1735 iosaphat
1437 1642 1534 1711 adhi-

560 1755 638 1824 buit
656 1761 762 1823 statu.
775 1754 936 1823 Nicolaus
946 1762 1021 1824 erat
1032 1754 1244 1835 Kosinscius,
1258 1755 1483 1847 Derpatensis
1496 1764 1533 1825 et

559 1865 758 1935 Polocensis
786 1864 892 1933 toties
916 1870 1053 1944 rector,
1078 1864 1131 1934 vir
1157 1865 1323 1934 omnihus
1348 1866 1533 1935 absolutus

560 1976 739 2056 numeriS,
769 1975 870 2066 eujus
896 1975 1126 2044 moderamini
1153 1976 1402 2045 conscientiam
1432 1998 1532 2044 suam

560 2089 690 2180 saepius
702 2088 737 2156 in
752 2089 818 2156 hoc
831 2094 924 2156 statu
939 2087 1100 2178 subjecit.
1116 2088 1212 2157 Unde
1227 2070 1393 2180 tanquam
1409 2088 1533 2157 intime

559 2221 701 2267 servum
721 2198 783 2268 Dei
804 2220 1037 2289 pernoscens,
1062 2197 1173 2267 multa
1189 2198 1223 2266 in
1239 2198 1316 2267 Vita
1336 2199 1428 2289 ejuS,
1450 2199 1534 2267 lieet

559 2312 653 2404 typis
668 2335 737 2382 non
748 2312 900 2404 vulgata,
914 2312 1142 2405 conseripsit;
1159 2317 1194 2380 et
1208 2312 1265 2380 hic
1278 2333 1533 2403 nonnunquam

560 2430 601 2492 ut
619 2426 787 2516 gravibus
805 2425 991 2494 concordia
1011 2423 1224 2495 testimoniis
1239 2431 1474 2516 exponuntur.
1494 2429 1534 2493 ln

559 2560 726 2629 processu
742 2561 825 2609 vero
844 2539 946 2631 longe
967 2540 1136 2632 praeelara
1156 2541 1199 2609 de
1218 2561 1259 2609 eo
1282 2540 1422 2630 juratus
1442 2539 1534 2607 dixit

559 2651 680 2721 testis:
699 2652 791 2722 inter
809 2674 905 2744 quae,
924 2653 959 2720 in
970 2658 1106 2721 tantum
1123 2675 1203 2722 eum
1214 2657 1296 2733 Dec,
1313 2653 1428 2732 eorde,
1448 2674 1530 2731 ore,

559 2781 666 2851 opere
682 2760 907 2852 conjunctum
924 2761 1053 2842 fuisse,
1077 2768 1118 2831 ut
1131 2772 1290 2832 veterum
1309 2762 1530 2854 pontificum,

559 2877 777 2964 martyrum,
794 2875 1058 2957 confessorum,
1082 2876 1343 2968 religiosorum,
1361 2876 1535 2945 eremita-

559 3007 660 3065 rum,
688 2986 955 3055 sanctimoniam
982 2987 1017 3054 in
1044 3010 1081 3058 se
1103 2987 1313 3057 efformarit:
1333 2989 1533 3079 perfeetum

560 3095 641 3165 vitae
657 3097 794 3188 agentis
808 3097 913 3166 simul
929 3088 1270 3191 contemplantisque
1290 3100 1436 3191 gradum
1452 3120 1536 3167 con-

560 3207 737 3277 scenderit
752 3232 760 3275 :
776 3208 897 3289 donis,
911 3209 1043 3301 gratiis,
1055 3209 1247 3278 virtutibus
1258 3210 1421 3279 omnibus
1437 3209 1537 3278 eoeli-

549 3325 618 3387 -tus
642 3326 788 3388 ornatus
812 3320 988 3412 singulare
1014 3322 1192 3413 specimen
1216 3322 1389 3392 universis
1416 3322 1537 3390 exsti-

561 3429 656 3499 terit.
875 3430 876 3433 ’

604 3553 646 3617 Et
660 3572 742 3619 vero
755 3552 975 3643 peramplum
992 3558 1115 3622 nactus
1130 3554 1241 3635 ovile,
1259 3555 1352 3646 quod
1367 3560 1441 3624 tres
1460 3577 1539 3623 rna·

558 3680 646 3749 gnos
660 3660 891 3751 palatinatus,
910 3667 945 3731 et
962 3662 1076 3732 tribus
1088 3664 1277 3755 provinciis
1297 3686 1419 3756 pareS,
1435 3667 1539 3735 Polo-

559 3791 714 3852 ceusem,
734 3772 1013 3855 Vitebscensem‚
1042 3776 1330 3847 Mstislaviensem
1358 3776 1536 3859 includit3

560 3882 620 3949 sed
643 3882 679 3949 in
705 3904 746 3952 eo
766 3882 901 3952 incuria
926 3886 1195 3975 praedecessoris
1215 3886 1332 3955 omnia
1355 3885 1535 3977 collapsa,

559 3993 733 4072 ruditate,
756 3994 966 4076 schismate,
989 3996 1083 4065 vitiis
1100 4003 1276 4089 corrupta.
1297 3995 1447 4065 Proinde
1475 4002 1540 4065 to-

558 4110 632 4172 tum
653 4127 690 4174 se
711 4105 762 4173 illi
778 4106 970 4176 excolendo
993 4107 1162 4176 sacravit:
1177 4107 1226 4176 ita
1242 4113 1281 4176 ut
1296 4128 1420 4175 somno
1436 4108 1538 4177 cibo·
