3259 5484
990 700 1171 773 ...53-

595 861 725 925 nostrae
743 854 827 923 luet
842 906 853 933 ,
871 852 1014 945 quidam
1030 853 1259 944 Theophanes
1278 872 1432 942 graecus,
1455 850 1504 919 uti
1526 872 1559 919 se

321 988 567 1062 metuerunt·
594 968 798 1040 nominabat
825 969 1024 1061 patriaroha
1048 968 1406 1060 hierosolymitanus,
1439 972 1558 1037 Mosco

348 1052 567 1157 bimum*
594 1081 651 1150 via
679 1081 791 1151 redux
814 1081 971 1151 Kioviam
1012 1081 1162 1173 appulit.
1197 1082 1339 1153 Miserat
1369 1103 1453 1152 vero
1484 1101 1558 1150 eum

594 1194 700 1287 paulo
723 1200 827 1275 ante,
846 1193 881 1262 iu
896 1194 1102 1264 llloscoviam
1129 1194 1296 1264 Turcious
1311 1203 1497 1285 tyrannus,
1515 1193 1557 1262 sio

595 1304 762 1397 loquente
777 1306 882 1385 lama,
896 1313 936 1373 ut
950 1304 1012 1373 illo
1026 1305 1178 1375 Poloniae
1192 1305 1344 1375 ditiones
1359 1306 1555 1384 invadente,

595 1415 891 1507 quemadmodum
919 1415 1115 1497 invaserat,
1132 1421 1268 1487 llloscus
1295 1439 1436 1511 quoque
1451 1417 1557 1510 ruptis

580 1520 810 1608 'loederihus,
828 1528 906 1620 ejus
927 1528 1159 1621 popularetur
1174 1529 1274 1599 fines.
1299 1533 1339 1598 Et
1359 1530 1476 1599 Cosacl
1490 1529 1560 1621 qui·

595 1640 674 1710 dem
700 1645 939 1733 praepotentes
967 1646 1053 1710 tuuc
1076 1646 1194 1721 erant,
1222 1641 1317 1733 quod
1344 1640 1437 1711 hello
1455 1640 1562 1713 Choli-

595 1751 729 1833 mensi,
751 1758 895 1821 strenue
916 1774 980 1844 pro
1007 1752 1147 1823 Polouis
1174 1752 1209 1821 in
1230 1759 1360 1823 Turoos
1392 1775 1465 1825 rem
1492 1776 1564 1845 ges-

596 1864 719 1935 serint.
745 1864 856 1957 Igitur
890 1864 945 1933 fisi
970 1870 1068 1934 tanto
1100 1864 1266 1956 praesidio
1289 1864 1522 1943 schismatici,
1548 1886 1565 1931 a

538 1960 568 1991 ¹'
595 1977 689 2047 dioto
705 1977 928 2069 Theophane,
946 1975 1033 2056 solo,
1052 1975 1127 2045 sine
1143 1976 1251 2048 ullius
1267 1976 1466 2046 assistentia
1478 1976 1565 2067 epis·

596 2088 695 2179 copi,
733 2088 862 2157 Kioviae
901 2086 1055 2167 initiari,
1098 2086 1172 2177 jam
1208 2086 1244 2157 iu
1264 2087 1564 2179 archiepiscopum

596 2200 1018 2293 metropolitanum,jam
1043 2200 1079 2268 iu
1102 2200 1286 2292 episcopos
1308 2200 1442 2282 varios3
1459 2200 1565 2269 Mele-

597 2315 668 2385 tius
701 2334 785 2383 vero
809 2312 1035 2382 Smotriscius
1067 2312 1103 2381 iu
1136 2312 1439 2404 archiepiscopum
1473 2310 1566 2381 Polo

597 2444 752 2495 oensem.
779 2425 894 2492 husus
914 2422 1002 2491 istos
1017 2428 1185 2514 stupuere
1204 2422 1294 2491 uniti
1316 2420 1482 2514 episcopi.
1505 2426 1566 2489 lles

598 2535 739 2627 publica
760 2532 840 2603 novi
865 2534 1052 2626 quidpiam¹
1069 2534 1149 2603 inde
1172 2534 1354 2627 portendi,
1370 2555 1489 2604 secum
1510 2556 1566 2602 re-

598 2647 759 2739 putabat.
771 2651 870 2717 Laesa
894 2667 1036 2739 quoque
1051 2647 1145 2739 regia
1162 2646 1343 2737 majestas,
1362 2646 1500 2737 acujus
1514 2643 1564 2713 isti

316 2744 562 2828 'hemnacum
598 2779 703 2827 manu
737 2758 979 2849 dependentes
1005 2758 1157 2827 honores
1185 2756 1309 2849 erepti.
1338 2759 1453 2848 Atque
1485 2756 1565 2825 adeo

594 2862 668 2963 jam
702 2877 778 2939 tum
814 2891 939 2939 novam
973 2869 1227 2962 rempublicam
1261 2870 1475 2940 schismatici
1510 2891 1566 2961 per

598 2985 746 3050 Cosacos
760 2980 877 3050 moliri
892 2985 1084 3071 coeperant.
1100 2981 1197 3063 Quod
1216 2982 1441 3073 postmodum
1458 2980 1566 3051 nuntii

598 3094 826 3173 Cosacomm,
845 3091 888 3161 ad
903 3090 1081 3183 generalia
1097 3091 1197 3183 regni
1212 3091 1354 3161 comitia
1373 3091 1484 3172 missi,
1503 3114 1566 3161 non

598 3204 748 3274 obscure
775 3203 812 3271 in
834 3202 908 3271 suis
932 3202 1148 3272 denotabant
1174 3203 1361 3293 postulatis
1386 3203 1565 3295 :episcopi

599 3318 690 3389 uniti
710 3316 921 3387 tollerentur
939 3338 947 3397 3
966 3316 1142 3385 cathedrae
1162 3317 1331 3387 darentur
1353 3316 1491 3387 noviter
1509 3316 1567 3383 ini·

599 3428 697 3497 tiatis
724 3450 745 3497 a
772 3427 984 3519 Theophane
1008 3426 1235 3518 pastoribus;
1257 3427 1441 3497 libertates
1465 3432 1566 3497 Cosa-

600 3539 679 3609 ticae
702 3539 941 3617 firmarentur,
965 3537 1142 3607 exercitus
1161 3538 1273 3630 copiae
1294 3540 1337 3609 ad
1360 3559 1567 3630 quemcum-

553 3688 557 3699 ·
599 3672 669 3743 que
711 3655 858 3743 possent
906 3652 1138 3722 ascenderent
1174 3674 1362 3724 numerum
1411 3655 1567 3741 (centum

600 3762 713 3831 millia
736 3768 812 3831 tum
837 3763 1018 3851 fuerant),
1043 3763 1176 3832 areium
1204 3765 1376 3856 regalium
1402 3770 1440 3834 et
1464 3784 1568 3850 eque-

599 3876 725 3944 strium
740 3876 777 3944 iu
797 3875 949 3946 Ulrraina
978 3881 1140 3945 tenerent
1165 3877 1348 3968 praesidia,
1373 3883 1409 3947 et
1431 3879 1497 3947 alia
1518 3876 1568 3945 his

447 4064 450 4067 Α
599 3988 727 4057 similia
756 3988 962 4081 reipublicae
989 3988 1172 4079 pergravia
1206 3990 1329 4081 petita.
1360 3992 1568 4083 Assurgente

467 4166 469 4168 ,
598 4101 741 4173 demum
755 4101 913 4171 Cosatica
928 4099 1097 4193 potentia,
1116 4100 1356 4193 gliscenteque
1377 4102 1566 4179 seditione.
