3259 5484
829 653 832 661 ’
952 663 1149 733 -132-

566 816 662 887 brevi
677 818 892 890 liberandus.
906 824 1042 891 lnterea
1051 827 1242 891 accurrunt
1251 819 1355 891 diotae
1366 830 1533 890 matronae

564 930 697 1014 famuli,
724 933 859 1003 catenis
883 954 962 1003 eum
982 933 1144 1013 liberant,
1168 956 1331 1003 nummos
1351 933 1533 1003 confestim

564 1044 748 1115 tribuunt:
772 1046 881 1116 libere
905 1054 1025 1139 ageret
1048 1055 1084 1117 et
1104 1046 1194 1117 bene
1217 1069 1253 1116 se
1280 1028 1437 1117 haberet.
1467 1049 1533 1117 Ad·

564 1164 664 1225 vecto
690 1158 918 1227 Petricoviam
948 1160 989 1227 ad
1014 1159 1122 1250 pedes
1153 1180 1255 1229 ruere
1277 1159 1429 1239 domina,
1445 1159 1532 1227 obli·

566 1270 884 1361 teraretinjuriam,
904 1293 968 1341 nec
992 1270 1233 1340 ulcisceretur.
1251 1275 1386 1340 Etcum
1405 1272 1531 1339 mulcta

563 1403 627 1473 per
649 1382 789 1473 judices
813 1406 934 1475 pressa
968 1383 1093 1453 suisset
1109 1383 1236 1463 multa,
1254 1383 1370 1476 ipsum
1395 1405 1530 1475 quoque

563 1493 653 1563 bene
666 1502 890 1565 muneratum
908 1495 1053 1565 dimisit.
1073 1498 1139 1566 Sed
1164 1518 1232 1564 non
1255 1495 1391 1565 dimisit
1404 1500 1530 1587 Krupe-

563 1606 650 1687 cius,
675 1608 863 1700 episcopus
878 1608 1156 1699 Premysliensis,
1179 1607 1528 1700 cognitolacto,jnre

563 1738 643 1785 cum
668 1716 761 1787 dicta
783 1741 887 1811 agere
920 1728 1092 1799 matrona,
1121 1720 1232 1789 donec
1255 1742 1332 1789 eam
1363 1720 1405 1787 ad
1427 1722 1528 1788 turris

563 1831 754 1902 sessionem
794 1833 952 1926 aliasque
989 1856 1112 1925 poenas
1149 1856 1273 1925 graves
1299 1835 1332 1901 in
1367 1833 1527 1902 tribunali

563 1943 768 2013 bublinensi
796 1945 1004 2015 induxisset.
1027 1947 1054 2014 Α
1074 1944 1204 2037 quibus
1230 1945 1392 2015 liberatio
1411 1946 1453 2013 ad
1473 1945 1527 2011 tri·

561 2052 658 2142 ginta
683 2054 792 2122 millia
813 2062 993 2125 scutorum
1019 2054 1087 2147 ipsi
1113 2055 1282 2124 constitit.
1300 2056 1357 2124 Sic
1380 2055 1436 2124 ille
1457 2056 1524 2146 jam

562 2164 732 2255 perditus,
751 2168 953 2259 alosapbnt
977 2166 1131 2257 adjutus,
1154 2166 1304 2257 gloriose
1327 2168 1371 2235 de
1387 2166 1457 2234 suis
1471 2167 1525 2233 ho
1609 2242 1610 2245 Ἴ

561 2275 676 2345 stibus
689 2276 930 2369 triumphavit.
1609 2358 1610 2371 χ

604 2390 658 2459 86.
676 2391 731 2460 87.
754 2393 1021 2462 celebrantibus
1037 2394 1241 2463 memoriam
1257 2393 1351 2462 beati
1367 2394 1522 2483 losaphat
1609 2374 1610 2413 ³

561 2504 627 2571 snb
650 2526 780 2573 annum
807 2505 910 2586 toll,
933 2508 1102 2586 Grodnae‚
1128 2506 1300 2598 religiosis
1326 2506 1397 2574 divi
1416 2504 1520 2573 basilii

561 2614 694 2695 unitis,
722 2619 898 2708 parochus
925 2617 1162 2697 GrodnensiS‚
1192 2616 1360 2687 Ovieczka
1388 2616 1516 2691 dictus,

559 2729 675 2797 eundo
703 2730 745 2797 ad
771 2730 1033 2810 celebritatem,
1065 2733 1108 2801 de
1126 2730 1260 2800 lubrico
1281 2737 1418 2809 monte,
1441 2726 1519 2819 pede

560 2837 702 2909 lallentc
728 2839 925 2933 collapsus,
953 2843 1077 2932 pedem
1094 2842 1208 2934 fregit.
1227 2841 1398 2932 Brevique
1422 2847 1515 2931 post,

381 2990 404 3019 ι.
445 2979 473 3021 m
559 2972 675 3018 coram
698 2953 850 3043 quodam
873 2954 1113 3024 Mobiloviensi
1128 2956 1202 3024 cive
1225 2954 1460 3034 schismatico,
1480 2953 1517 3020 de

559 3084 641 3131 casu
656 3085 720 3133 suo
733 3072 960 3157 conquestus
979 3067 1138 3148 Quicum
1160 3067 1413 3145 subsannaret,
1431 3084 1516 3155 egre·
1608 3106 1609 3147 r

559 3170 654 3262 gium
671 3173 1018 3255 videlicetSanctum,
1034 3178 1141 3268 pedes
1156 3176 1360 3245 bominibus
1372 3176 1516 3263 frangen-

559 3290 629 3354 tem
655 3308 662 3353 :
687 3308 757 3355 non
779 3286 921 3356 beatum
945 3297 1063 3369 certe,
1089 3289 1148 3357 sed
1171 3288 1396 3357 maledictum
1422 3304 1511 3361 esse;

559 3396 818 3489 blasphemanti
846 3400 993 3493 regessit
1021 3401 1100 3480 ille,
1140 3422 1176 3470 se
1206 3399 1349 3492 quidem
1378 3393 1515 3491 peccatis

559 3512 633 3580 suis
654 3513 688 3582 id
702 3514 934 3605 promeritum
953 3540 960 3583 :
979 3523 1014 3584 at
1028 3515 1143 3608 ipsum
1160 3535 1242 3583 mox
1257 3536 1277 3581 a
1292 3517 1363 3582 Deo
1378 3508 1513 3604 graviter

414 3664 508 3697 netu·
558 3625 787 3716 puniendum.
803 3628 951 3698 Vixdum
968 3628 1172 3719 prolocutus
1185 3632 1272 3706 erat,
1289 3632 1369 3694 cum
1384 3618 1511 3716 pervim

557 3735 687 3805 inflexo
702 3738 816 3829 capite
835 3738 927 3808 inter
945 3740 1098 3820 femora,
1123 3760 1279 3808 aversam
1302 3735 1453 3828 corporis
1476 3727 1510 3797 ad

557 3846 693 3927 sedem,
716 3848 838 3917 faciem
855 3856 1067 3919 monstraret
1086 3858 1121 3919 et
1134 3850 1351 3941 loqueretur.
1369 3850 1510 3921 nonanto

556 3958 1510 4055 sacerdote,blaspbemiaepoeniteretbeatumlosapbot
1607 4004 1608 4021 2

556 4073 806 4164 deprecaretur
821 4081 857 4143 et
872 4074 1089 4146 inclamaret.
1113 4076 1173 4147 llle
1193 4075 1324 4156 scelus,
1352 4084 1387 4144 et
1405 4087 1507 4142 verum
