3259 5484
494 702 673 773 ..85-

105 870 277 954 regerunt.
305 861 434 931 Audito
461 862 592 953 praesu'l
613 860 789 940 tumultu,
821 859 1068 952 presbyterum
1104 865 1331 911 samonium.

103 973 227 1042 dimitti
245 972 366 1065 jubet3
393 982 430 1041 et
450 980 531 1063 post
550 972 742 1042 matutinas
762 994 904 1065 praem,
922 972 1070 1042 eeclesia

104 1085 143 1152 ad
162 1085 279 1153 aulam
301 1107 365 1176 per
391 1085 526 1155 medios
551 1085 815 1175 conjuratorum
846 1084 1070 1177 progreditur

103 1217 240 1265 euneos.
250 1199 325 1265 Non
336 1195 470 1288 absque
483 1195 665 1275 miraoulo,
678 1195 772 1287 quod
782 1194 916 1263 illaesus
925 1194 1071 1263 transie-

103 1306 157 1375 rit.
184 1311 271 1376 Cum
301 1307 427 1377 seditio
455 1306 707 1386 deferbuisset,
735 1306 869 1398 siquid
893 1306 1070 1377 ulterioris

104 1427 308 1511 sequeretur
322 1420 515 1501 tumultus,
534 1419 626 1490 serio
641 1418 779 1488 monuit
798 1441 892 1499 suoS,
909 1418 1071 1487 bombar-

104 1531 162 1598 das
193 1553 328 1624 papyro
361 1554 432 1601 non
459 1531 573 1623 globis
607 1536 814 1607 onerarent,
850 1537 887 1601 et
915 1530 1069 1601 terrendi

104 1641 211 1709 solum
225 1664 343 1722 eausa,
360 1664 428 1711 non
446 1642 627 1712 occidendi
642 1642 885 1734 exploderent.
897 1642 1021 1711 Aulam
1035 1649 1071 1712 et
1096 1648 1342 1707 raptabimur

104 1758 262 1827 conclave
278 1758 459 1850 ingressus
472 1759 515 1826 ad
531 1757 724 1827 orationem
742 1756 944 1837 revertitur,
963 1778 1070 1849 super

105 1869 223 1939 faeiem
264 1870 300 1937 in
337 1871 480 1939 modum
515 1869 631 1939 erucis
660 1869 870 1962 prooidenS,
908 1868 1070 1960 lacrymis

104 2002 216 2050 eoram
231 1986 304 2051 Deo
323 1988 478 2074 perorat.
495 1986 538 2049 Et
550 1979 720 2072 abreptus
734 1980 770 2047 in
783 1979 957 2060 eoelestia,
975 1979 1070 2048 solus

104 2095 170 2161 Deo
198 2093 290 2173 soli,
321 2092 467 2183 jamjam
504 2092 659 2161 instante
694 2093 799 2161 borra
833 2090 1067 2172 dissolvendi,

105 2201 319 2274 intendebat.
345 2205 412 2274 Sed
431 2226 512 2274 ecoe
535 2203 601 2272 sub
624 2209 741 2272 ortum
764 2203 866 2283 solis,
904 2202 966 2296 qui
995 2210 1070 2273 tum

105 2322 269 2386 eruentus
293 2317 481 2385 admodum
497 2322 591 2396 erat,
613 2317 699 2385 bora
718 2316 819 2407 quasi
839 2321 961 2385 octava
976 2316 1066 2396 diei,

105 2425 138 2493 in
161 2429 276 2498 medio
295 2427 495 2521 horologio,
516 2450 615 2498 novae
639 2429 823 2499 seditionis
844 2430 1067 2511 auctoribus,

104 2540 251 2611 effraenis
270 2541 464 2611 multitudo
485 2541 662 2612 confluere
686 2565 694 2609 ε
713 2542 757 2610 ad
777 2542 892 2611 scelus
913 2542 1069 2611 universi

105 2651 249 2723 incendi.
265 2658 309 2723 Et
321 2653 380 2721 alii
396 2654 513 2722 aulam
526 2653 645 2734 armis,
659 2653 798 2744 jaculis,
815 2654 1070 2746 solopetorum-

106 2785 170 2853 que
184 2765 299 2857 globis
313 2766 493 2846 infestant,
505 2772 698 2836 stramenta
708 2771 745 2835 et
754 2766 913 2835 llammas
928 2766 1071 2859 sepibus

105 2875 264 2967 injiciunt
285 2878 357 2947 alii.
374 2883 452 2948 lllox
472 2886 590 2948 tamen
606 2878 685 2947 urbi
701 2885 865 2948 caventes
876 2878 1068 2979 disjiciunt.

105 2992 168 3059 Neo
188 2991 269 3061 laedi
291 2992 403 3060 ullum
424 3012 444 3060 a
468 2990 642 3059 famulitio
669 2989 834 3081 praesulis
868 2988 1068 3069 intuenteS,

107 3101 271 3171 audacius
306 3100 530 3192 ferociusque
567 3100 747 3169 insistunt.
778 3100 931 3168 Tandem
968 3098 1071 3190 quasi

106 3210 283 3280 christiani
317 3211 470 3279 nominis
502 3212 640 3280 bostem
672 3210 760 3279 solio
792 3207 997 3302 depulsuri,
1032 3231 1072 3277 ao

105 3339 169 3387 non
186 3321 473 3413 arobipraesulem
493 3321 607 3413 pium,
632 3320 821 3400 inermem,
840 3327 876 3389 et
895 3319 1071 3389 insontem

107 3434 279 3505 trucidare
294 3441 497 3526 pergerent,
516 3434 662 3525 disjecta
676 3456 770 3526 sepe,
789 3434 901 3503 erutis
916 3434 1069 3515 loribus,

107 3548 219 3616 truces
237 3547 357 3627 armiS,
374 3546 505 3639 rapidis
525 3547 699 3639 passibus
724 3547 840 3614 aulam
857 3545 1070 3637 irrumpunt.

108 3656 266 3729 Palantes
279 3658 431 3727 lamulos
442 3658 534 3725 lerro
549 3657 734 3750 globisque
748 3656 967 3728 adoriuntur.
985 3655 1072 3725 Atrii

1170 1718 1267 1757 mortem.

1137 2547 1187 2591 Novi
1196 2546 1305 2591 tumultus.

1147 3334 1227 3377 luvualo
1236 3334 1297 3377 uulae.

108 3772 194 3842 fores
213 3775 257 3844 ad
274 3774 351 3866 ipsa
374 3773 576 3842 habitacula
597 3772 760 3864 praesulis
783 3771 986 3862 effringunt.
1009 3769 1073 3840 Ubi
1141 3762 1145 3771 ’

109 3886 281 3978 praecipue
326 3883 593 3954 archidiaconus
630 3884 848 3962 DorotheuS,
880 3905 924 3952 ex
953 3880 1074 3950 ordine

109 3992 172 4061 divi
185 3994 322 4076 Basilii,
339 4001 375 4064 et
387 3995 593 4064 Emmanuel
608 3998 881 4074 Cantaouzenus,
899 3998 1075 4063 Constan-
1119 4019 1332 4065 catacumbarum.

110 4100 255 4197 linopoli
275 4127 294 4174 e
315 4105 445 4175 familia
459 4108 634 4174 Caesarum
651 4112 748 4175 oerto
762 4104 954 4184 oriunduS,
972 4107 1075 4173 losa-
