3259 5484
446 718 648 787 —lll-

82 899 99 944 a
119 876 205 946 fluxu
229 875 429 969 sanguinis,
460 874 548 943 alios
571 895 592 942 a
618 872 779 943 febribus
806 870 1031 965 periculosiS,

81 988 156 1057 alios
183 989 360 1059 lethaliter
383 987 541 1067 saucioS,
573 986 661 1055 alios
686 984 812 1077 capitis
835 984 1032 1077 vertigine,

80 1100 172 1168 variis
192 1101 334 1171 demum
360 1098 542 1169 doloribus
565 1104 601 1167 et
627 1097 761 1168 morbis
784 1096 969 1177 distentos,
996 1120 1036 1167 ac

80 1207 302 1297 agonizantem
321 1230 468 1277 recursu
482 1207 719 1301 precibusque
740 1208 784 1276 ad
804 1207 1035 1299 losapbatum

79 1318 177 1400 factis
192 1319 379 1389 sanitatem
395 1319 583 1411 recepisse.

115 1430 164 1499 16.
188 1436 238 1500 Ex
246 1431 370 1501 ordine
381 1431 511 1500 illustri
525 1431 793 1501 Praedioatorum
810 1430 1044 1529 Prouincialis¹
1126 1441 1247 1497 ursuni

79 1542 228 1624 Poloniae,
244 1542 299 1612 vir
314 1543 467 1613 eximius
477 1542 690 1623 Celestiuus,
706 1563 834 1611 manus
844 1550 880 1613 et
893 1542 1035 1612 brachia

79 1653 216 1745 paralysi
243 1652 416 1722 dissoluta
443 1652 601 1733 habens,
630 1652 700 1733 ita,
730 1658 771 1722 ut
801 1653 939 1722 nullum
969 1652 1035 1721 sibi

79 1776 229 1852 prestare
245 1764 458 1857 obsequium
477 1777 609 1856 posset,
632 1765 796 1834 eumdem
816 1764 1035 1834 Kosinscinm

78 1875 241 1957 exoravit,
269 1883 311 1945 ut
329 1899 394 1968 pro
423 1899 460 1946 se
481 1899 597 1947 coram
619 1876 767 1968 lipsanis
786 1877 952 1969 martyris
976 1899 1038 1946 sa-

77 2004 162 2052 crum
175 1990 245 2055 Deo
257 1987 400 2068 laceret,
414 1994 450 2057 et
464 1987 558 2057 fecit.
577 1988 639 2071 Qui
653 2010 735 2057 mox
746 1987 934 2081 pristinum
946 1987 1037 2057 vale-

77 2097 197 2167 tudinis
209 2098 344 2191 recepit
355 2099 476 2169 robur.

114 2209 163 2278 ll.
189 2210 318 2304 Sophia
332 2210 527 2293 Michaelis,
544 2212 760 2290 Polocensis,
783 2232 863 2281 cum
890 2211 1037 2279 111101)-
1064 2226 1308 2331 nliiqebflreurussrs

76 2322 230 2395 demades
249 2326 342 2395 lecto
357 2326 479 2406 affixa,
497 2348 704 2419 pergravem
730 2333 913 2419 pateretur
936 2348 1037 2395 mor·
1170 2296 1249 2331 ''nm‘'

77 2432 162 2517 bum,
179 2444 215 2507 et
229 2438 345 2507 aliena
359 2460 465 2508 manu
481 2440 524 2508 de
540 2439 650 2509 latere
671 2438 708 2506 in
721 2440 814 2508 latus
824 2445 1033 2520 verteretur,

76 2568 113 2614 en
131 2550 275 2619 oonsilio
298 2551 459 2631 aliorum,
479 2551 517 2619 11
540 2552 742 2620 novembris
761 2552 844 2620 anni
863 2552 1033 2643 ejusdem,

76 2655 106 2724 in
122 2660 303 2752 pervigilio
316 2662 492 2731 memoriae
508 2662 700 2754 losaphati,
714 2662 827 2732 eidem
844 2684 921 2732 sese
936 2662 1037 2731 obtu-

76 2766 124 2848 lit,
142 2770 336 2863 eademque
350 2773 438 2840 hora
452 2771 586 2864 optime
600 2772 762 2842 revaluit.

112 2890 163 2959 l8.
187 2891 319 2962 Mariua
345 2892 481 2973 Basilii,
517 2893 561 2962 de
581 2893 710 2986 oppido
734 2892 961 2971 Glembokie,
993 2913 1037 2961 ex
1064 2928 1177 2971 canoto.
1191 2928 1257 2970 rani,
1267 2942 1308 2971 ,1.

1111 2992 1143 3033 uls
1152 2996 1173 3033 ct
1183 2991 1259 3037 11101110,

75 3002 187 3070 morbo
210 3003 414 3095 peracerbo,
437 3004 587 3096 pedibus
608 3003 842 3095 manibusque
858 3008 1036 3071 contracta

74 3112 165 3181 annis
180 3113 294 3182 tribus
315 3120 350 3183 ct
375 3114 506 3195 medio,
534 3136 625 3183 anno
643 3114 787 3184 salutari
812 3112 899 3182 1616
923 3112 979 3181 die
994 3111 1037 3181 16

74 3225 286 3305 novembris,
311 3226 354 3295 ad
367 3226 532 3318 martyris
552 3225 753 3317 sepulcrum
770 3246 954 3316 arrepenS,
973 3245 1037 3315 pro

74 3337 266 3407 valetudine
284 3360 346 3407 sua
360 3339 524 3407 eumdem
542 3338 753 3430 imploravit,
778 3345 814 3406 et
835 3336 900 3405 sub
920 3336 1037 3429 ipsum

74 3467 227 3531 sacrum,
244 3450 410 3519 omnibus
425 3450 461 3518 in
486 3450 655 3519 membris
670 3455 792 3518 sanata
808 3448 979 3517 constitit.

112 3559 164 3629 19.
189 3562 262 3631 Sub
278 3562 419 3631 comitia
433 3562 531 3655 regni
546 3562 715 3643 Poloniae,
733 3560 937 3641 0111101616,
956 3565 1038 3632 Var-
1118 3602 1255 3658 „mmm

73 3669 167 3738 saviae
177 3671 299 3740 Daniel
317 3675 447 3763 Szozyt,
461 3672 645 3763 vicejudex
652 3671 865 3752 Polocencis,
880 3677 1037 3740 extrema

73 3789 266 3869 prostratus
287 3783 490 3875 paralyseos
511 3782 740 3875 aegritudine,
767 3782 803 3849 in
832 3781 907 3851 dies
926 3781 1037 3873 magis

73 3892 344 3963 conflictabatur.
355 3898 436 3976 Quae
447 3894 587 3987 conjugi
595 3895 671 3986 ejus
681 3897 785 3963 Annae
800 3895 1033 3975 Podbereska,

73 4008 217 4073 0011111111·
238 4006 363 4099 viginti
387 4006 497 4076 leucis
519 4007 664 4077 distanti
678 4008 843 4079 Varsavia
876 4010 1033 4090 civitate,

73 4127 253 4212 postquam
273 4121 495 4202 innotuisset,
504 4122 654 4214 nudipes
667 4122 805 4213 saepius,
824 4144 887 4215 per
901 4122 1037 4215 aliquot
