3259 5484
335 877 396 923 vaur
410 879 512 924 lliorlm.

295 2323 485 2366 'schismaticorum
494 2334 547 2365 con·

361 2387 414 2431 ricla
423 2384 487 2430 subit.

971 679 1151 752 ..34-

618 843 839 909 Promuncre
849 861 913 910 suo
923 840 1211 934 archiepiscopali
1222 841 1356 912 medios
1367 842 1462 912 iuter
1470 845 1550 914 hos·

575 951 647 1028 tes,
672 946 829 1017 llioviam
848 949 893 1018 ad
911 950 1113 1020 cathedram
1133 951 1356 1044 prolecturus
1375 954 1549 1045 losephus

574 1059 749 1155 Rutscius,
760 1064 1113 1154 secumlosaphatum
1125 1063 1328 1157 assumpsit.
1337 1064 1414 1134 lsin
1423 1065 1548 1136 itinere

574 1171 1545 1267 nunquamohlitussui,animarumdepcrihatsalutem.

573 1287 615 1354 Et
630 1305 710 1354 oum
722 1283 854 1354 multos
863 1283 1024 1354 rudiores
1039 1285 1198 1356 confiteri
1210 1286 1278 1355 sihi
1292 1289 1546 1379 persuasisset,

574 1415 638 1486 pro
654 1401 773 1464 sancta
788 1394 911 1486 synaxi
925 1395 1067 1464 Latinos
1086 1395 1229 1488 quidem
1249 1397 1293 1465 ad
1308 1397 1457 1478 latinas,
1474 1403 1549 1467 ltu-

576 1509 701 1578 theuos
713 1509 756 1578 ad
772 1511 942 1578 ruthenos
961 1508 1163 1579 dimittebat
1176 1508 1352 1579 ecclesias.
1367 1511 1549 1582 Mulierem

574 1641 715 1711 quoque
734 1627 838 1690 aetate
855 1621 1039 1711 juvenem,
1058 1620 1146 1690 lacie
1164 1620 1369 1702 honestam,
1394 1623 1457 1693 sed
1479 1623 1550 1691 vita

574 1731 856 1823 prostitutam,in
864 1733 1213 1824 diversorioquodam
1224 1733 1267 1802 ad
1277 1733 1547 1804 detestationem

574 1841 714 1912 infamis
736 1843 878 1912 induxit
900 1843 1187 1914 consuetudinis:
1205 1852 1246 1913 ut
1259 1844 1374 1915 eidem
1389 1846 1548 1914 consessa

575 1955 742 2024 scelestas
755 1977 773 2025 c
785 1977 879 2026 uuuc
890 1954 1075 2026 illecebras
1088 1957 1205 2026 valere
1214 1955 1373 2046 jusserit.
1390 1957 1548 2027 Kioviam

575 2069 614 2130 ut
644 2063 876 2154 appulerant,
906 2084 976 2132 non
1000 2068 1158 2133 moratus
1180 2063 1350 2154 iosaphat
1374 2063 1549 2132 celebrius

575 2173 878 2245 schismaticorum
891 2175 1155 2255 monasterium,
1176 2196 1195 2242 a
1210 2174 1343 2266 cryptis
1358 2174 1550 2266 vulgariter

574 2289 783 2356 Peczareuse
800 2286 954 2366 dictum,
983 2286 1081 2355 adire
1100 2292 1278 2378 properat.
1299 2284 1361 2354 Cui
1389 2285 1548 2354 Curcevi·

575 2397 650 2465 cius
664 2398 707 2466 de
727 2397 948 2490 principibus
960 2397 1093 2468 Russiae
1105 2397 1287 2481 oriundus,
1300 2396 1493 2466 monachus
1503 2418 1547 2464 au

575 2507 861 2589 archimandrita,
878 2509 988 2578 servis
1000 2516 1035 2578 ct
1048 2509 1195 2579 canibus
1205 2509 1390 2589 venaticis,
1404 2509 1547 2579 obvium
1624 2572 1625 2609 ,

575 2641 652 2690 sese
687 2620 779 2689 tulit.
815 2624 857 2690 Et
887 2625 1049 2713 rogatum
1075 2620 1304 2712 losaphatum
1331 2618 1412 2712 quis
1440 2627 1544 2698 esset,

576 2732 825 2825 cognitumque
837 2733 1004 2826 gravibus
1016 2731 1232 2802 conviciatur
1243 2730 1380 2811 verbis,
1394 2731 1546 2824 prodito

575 2866 650 2915 rem
671 2845 817 2938 patriae,
835 2844 1032 2913 animarum
1053 2843 1296 2921 seductorem,
1317 2840 1544 2933 impostorem
1623 2916 1624 2925 ἵ

574 2955 743 3035 omnium,
758 2955 1005 3024 trucidandum
1029 2953 1330 3046 mergendumque
1349 2952 1542 3021 minitatur.
1623 3008 1624 3021 ,

575 3066 659 3146 Ille,
687 3088 723 3136 sc
749 3066 846 3159 pacis
870 3066 1068 3135 studiosum
1090 3086 1188 3144 esse,
1216 3064 1267 3134 ire
1285 3063 1448 3144 unicum,
1480 3086 1544 3133 uec

576 3177 769 3270 quidquam
793 3177 910 3248 moliri
934 3178 1040 3258 velle,
1068 3183 1130 3247 aut
1155 3198 1271 3270 posse.
1300 3181 1343 3247 Ut
1369 3177 1542 3270 hospitem

573 3292 701 3360 fratres
720 3290 877 3361 risurum
902 3297 938 3360 et
963 3290 1214 3359 allocuturum.
1239 3289 1428 3381 Mirarique
1452 3310 1488 3358 se
1508 3289 1543 3356 in

573 3405 696 3498 regula
712 3408 751 3474 D.
774 3405 893 3474 Basilii
912 3427 983 3474 non
1005 3404 1151 3498 legisse,
1171 3409 1210 3473 ut
1231 3403 1406 3496 religiosis
1425 3404 1542 3474 venari

574 3518 708 3590 liceret.
734 3519 841 3589 Paulo
867 3518 1049 3588 remissior
1072 3517 1295 3587 Curcevicius
1316 3518 1542 3610 iosaphatum

573 3651 644 3721 quo
672 3629 863 3710 velletire,
893 3629 1066 3722 permisit.
1089 3627 1233 3697 Adstitit
1249 3629 1389 3698 tandem
1410 3634 1539 3720 porta,

572 3741 813 3834 pulsavitque,
830 3741 956 3833 etquis
968 3747 1061 3810 esset
1073 3740 1297 3821 denuntians,
1314 3740 1541 3833 praepositum

573 3874 636 3944 per
655 3851 838 3920 ostiarium
861 3852 904 3921 ad
919 3851 1136 3943 colloquium
1156 3850 1280 3920 orarit.
1302 3854 1334 3919 ls
1348 3851 1544 3920 communis

572 3969 654 4038 dato
678 3969 770 4038 nolae
797 3969 913 4061 signo,
941 3969 985 4037 ad
1018 3967 1244 4038 relectorium
1272 3989 1395 4037 omues
1416 3967 1545 4038 excivit

572 4083 786 4152 monachos:
811 4083 934 4152 adesse
956 4081 1234 4163 Duszochoatum,
1274 4081 1348 4151 sive
1366 4089 1545 4173 raptorem
