3259 5484
451 693 652 765 -aot-

88 848 225 913 facillima.
243 851 282 912 Et
301 849 431 933 perfecit
445 850 477 913 id
491 867 567 917 sanc
580 852 694 936 praesul
711 852 863 933 optimus,
884 852 950 915 sola
965 861 1040 915 tunc

20 1001 21 1006 ,
89 969 148 1013 usus
160 952 521 1015 auctoritateverborum
537 975 544 1014 :
561 954 737 1018 aliasenim
749 954 863 1035 saepius
875 963 1039 1017 numerata

88 1055 201 1134 pecnnia
221 1054 260 1117 ad
286 1054 490 1137 deponendas
510 1057 623 1120 animae
642 1056 752 1121 sordes
773 1056 884 1120 obvios
897 1077 1040 1140 quosque

20 1155 21 1158 ’
86 1160 236 1238 prasertim
249 1159 281 1221 in
295 1160 327 1221 iti
333 1178 405 1221 nere
420 1160 582 1236 invitabat,
599 1169 630 1223 ct
643 1161 703 1224 hac
715 1160 837 1224 ratione
855 1180 873 1223 a
887 1160 1040 1224 daemonis

20 1277 21 1282 ¹
88 1262 231 1340 tyrannide
242 1262 391 1324 liberatos
407 1264 555 1326 mortales
562 1264 688 1327 emebat
698 1263 731 1325 in
742 1282 848 1327 servos
861 1263 1040 1345 negociator

20 1391 21 1454 j
86 1365 213 1446 insignis,
235 1382 305 1430 non
331 1367 391 1429 sibi
419 1368 560 1449 quidem,
589 1369 643 1432 sed
666 1369 801 1444 Christo,
826 1369 917 1452 cujus
944 1378 978 1432 ut
1006 1388 1040 1431 se

85 1466 254 1530 imitatorem
275 1477 439 1531 strenuum
454 1470 641 1550 ostenderet,
657 1472 787 1555 proprio
808 1471 952 1551 sanguini
974 1489 1038 1534 non

84 1572 213 1651 pepercit.
230 1573 269 1634 Et
284 1572 352 1635 haec
368 1591 442 1655 pars
456 1583 596 1638 extremo
608 1575 680 1638 loco
699 1574 860 1657 proposita
873 1572 912 1637 ad
927 1574 1038 1639 dicen-

20 1743 21 1762 }
83 1670 156 1748 dum,
170 1675 345 1737 orationem
364 1675 514 1739 absolvet.

114 1889 156 1951 lll.
179 1892 373 1972 latigaretur
384 1912 459 1955 sane
472 1895 607 1957 exercita
617 1894 756 1975 cujusvis
767 1892 959 1973 eloquentia,
974 1910 1040 1954 orn-

20 2065 21 2070 *
83 1991 125 2053 nia
139 1992 243 2055 leviter
257 1992 398 2057 l'acinora
421 1995 621 2076 attingendo,
644 2014 715 2076 quac
734 1994 781 2055 vir
796 1994 930 2055 eximius
948 1994 1039 2056 losa-

20 2085 21 2150 }
83 2094 147 2173 phat
158 2105 339 2159 constanter
352 2096 527 2159 exercendo
542 2115 708 2178 nunquam
728 2094 928 2175 fatigabatur.
943 2095 1037 2169 Nam,

20 2191 21 2248 l
83 2205 111 2258 ut
120 2198 234 2261 infinita
246 2207 450 2281 preteream,
468 2200 651 2261 Ruthenicae
674 2197 893 2261 Polocensium
912 2197 1040 2259 antistes

20 2305 21 2382 Τ
82 2299 418 2374 Fcclasiaeconstitutus
428 2321 546 2381 magno
555 2302 665 2365 labore
677 2300 841 2362 destruens
852 2300 1037 2373 eterellenS,

20 2419 21 2458 ὲ
82 2404 223 2468 aedificans
234 2416 264 2468 et
277 2406 442 2487 plantans,
456 2423 568 2467 omnes
582 2404 813 2468 absolutissime
825 2420 973 2465 numeros
982 2420 1039 2463 ex-

20 2573 21 2576 ,
82 2508 163 2587 plerit
175 2510 286 2592 optimi
304 2510 448 2592 pastoris,
464 2510 606 2589 Ingresso
626 2510 654 2570 ei
669 2508 867 2571 vastissiman
890 2508 1040 2570 vitiorum

20 2687 21 2694 ἵ
82 2612 187 2690 silvam,
203 2634 267 2678 non
289 2614 385 2677 modo
398 2615 568 2678 criminum
580 2615 692 2697 stirpes
705 2622 795 2676 erant
807 2613 1037 2689 abscindendae,

20 2769 21 2794 p
82 2716 160 2779 sedet
173 2717 311 2781 ferarum
328 2718 464 2800 impetus
477 2718 665 2792 cohibendi,
681 2726 712 2780 ct
726 2718 888 2779 latronum
903 2716 983 2778 vires
997 2736 1041 2778 rc

81 2818 254 2896 primendae‚
267 2818 658 2901 penitusquel'rangendae.
675 2818 763 2894 Quod
782 2819 849 2901 ipse
866 2818 960 2881 tantis
980 2836 1039 2880 cu-

20 2989 21 2992 *
81 2919 223 2985 unlatum
234 2923 383 3005 periculis
396 2924 533 3005 opusita
553 2923 709 3005 suscepit,
728 2932 762 2985 ut
778 2922 867 2986 brevi
889 2924 1040 3005 temporis

20 3055 21 3058 π
81 3024 241 3103 intervallo,
253 3047 318 3109 qua
330 3028 444 3091 robore
455 3030 570 3090 mentis
579 3027 795 3109 infracto,qna
804 3027 1040 3115 sedulouconatu

20 3109 21 3122 ’
80 3134 104 3187 ct
114 3128 292 3210 diligentia,
314 3139 437 3211 aequata
456 3132 524 3192 solo
540 3130 658 3211 templa
677 3129 810 3211 pristino
824 3128 928 3192 decori
948 3130 1038 3191 resti-

80 3230 169 3304 tnerit,
198 3249 303 3292 sacros
324 3231 484 3293 ministros
505 3229 651 3292 sanctiori
669 3229 837 3311 disciplina
865 3228 1036 3303 imbuerit,

81 3328 271 3394 imminutum
293 3333 368 3394 cleri
387 3351 556 3394 numerum
576 3332 702 3413 copiose
728 3332 873 3407 auxerit,
894 3333 1039 3395 Ecclesiae

79 3434 212 3511 praediac
229 3436 378 3497 manibus
392 3436 606 3516 potentiorum
621 3434 843 3509 vindicaverit,
868 3436 1038 3498 maximam

79 3546 223 3615 postremo
246 3538 414 3601 hominurn
438 3537 676 3600 multitudinem
695 3538 818 3600 romani
839 3538 1039 3620 pontificatus

78 3640 197 3723 imperio
211 3644 387 3707 subdiderit
399 3666 408 3719 3
424 3654 455 3706 et
467 3645 521 3725 qui
541 3643 704 3705 turmatim
714 3644 802 3725 prius
817 3651 966 3724 tanquam
981 3644 1040 3706 vic·

78 3751 147 3808 tores
155 3767 222 3810 sese
237 3746 413 3810 inferebant
422 3747 597 3827 magnifice,
610 3746 771 3827 quaerendi
781 3745 911 3808 demum
923 3756 1036 3821 essent,

76 3854 104 3905 nt
116 3848 322 3911 vincerentur.

107 3949 159 4012 Tot
173 3952 332 4031 tantisque
340 3951 424 4012 curis
438 3969 511 4011 cum
526 3948 679 4012 indefessa
699 3950 833 4032 pastoris
847 3950 1039 4013 detineretur

75 4046 236 4124 industria,
262 4068 363 4113 nonus
387 4050 540 4133 pestilera
562 4051 724 4113 seditionis
745 4052 839 4114 turbo
866 4052 898 4114 in
921 4052 1038 4114 Russiae
1100 4054 1108 4081 '

75 4150 142 4216 fines
152 4163 216 4218 toto
228 4155 333 4229 l'urorc
343 4154 444 4244 irruit.
455 4154 654 4217 Smotriscius
664 4154 796 4216 assiduis
804 4155 1038 4220 velitationibus
