3259 5484
983 702 1185 773 ...106-

596 888 722 935 norum
741 866 899 935 omnium
913 864 1093 957 superavit
1108 866 1424 957 exspectationem.
1445 868 1561 937 Solulis

596 978 744 1057 divinis,
775 981 846 1046 Leo
871 981 1021 1057 Creusa,
1056 975 1257 1045 nominatus
1286 977 1561 1069 archiepiscopus

597 1092 872 1163 Smolenscensis
894 1091 1040 1171 unitus,
1067 1111 1148 1158 curn
1170 1090 1276 1159 vitam
1300 1092 1482 1182 Josaphati
1499 1092 1561 1183 glo·

597 1206 689 1273 riose
717 1227 781 1297 pro
811 1203 937 1273 rostris
957 1202 1162 1283 extulisset,
1185 1202 1358 1272 dolorosis
1383 1203 1558 1272 verborum

596 1317 729 1387 aculeis
741 1317 933 1387 catholicos
946 1318 988 1386 ad
1012 1318 1167 1387 dolorem
1192 1324 1229 1387 et
1250 1316 1443 1408 lacrymae,
1468 1318 1560 1385 schis

597 1428 744 1497 malleos
771 1428 813 1496 ad
839 1428 944 1498 fidem
967 1434 1123 1497 sanctam
1146 1434 1182 1497 el
1206 1428 1449 1519 poenitentiam
1473 1452 1559 1498 com-

596 1538 717 1607 movit.
743 1543 884 1608 Sacram
909 1540 1068 1609 clausere
1097 1560 1283 1631 pompam,
1301 1539 1383 1607 hine
1405 1540 1558 1632 juventus

595 1650 771 1730 studiosa,
789 1650 913 1720 metris
929 1650 1100 1743 polonicis
1121 1651 1156 1719 in
1174 1652 1296 1720 laudes
1310 1652 1492 1744 Josaphati
1504 1654 1558 1721 de-

596 1784 744 1831 currens
769 1784 777 1829 :
803 1761 884 1831 inde
913 1765 1087 1855 Iosephus
1105 1762 1285 1843 Rutscius,
1309 1764 1354 1831 ad
1376 1764 1555 1855 palatinum

595 1857 884 1943 Mstislavicnscm
918 1874 1094 1966 aliosque,
1131 1873 1250 1945 divum
1285 1882 1476 1967 martyrem
1507 1898 1557 1945 sua

596 1986 835 2077 depraedicans
864 1984 1035 2055 oratione.
1059 1988 1195 2079 Corpus
1224 1986 1367 2055 demum
1392 1988 1553 2057 heroicum

596 2098 631 2166 in
649 2098 743 2177 loco,
762 2120 887 2190 quem,
910 2104 991 2166 ante
1007 2097 1160 2177 obitum,
1182 2099 1351 2191 Josaphat
1365 2098 1554 2191 prophetico

596 2209 786 2302 praeparari
813 2208 1017 2299 injunxerat
1044 2207 1192 2300 spiritu,
1225 2208 1439 2289 honorifice,
1466 2214 1555 2301 prout

597 2342 661 2413 par
675 2326 768 2400 erat,
791 2320 960 2389 locatum.

970 2934 1119 3003 CAPUT
1144 2936 1188 3004 V.

771 3187 810 3231 DE
830 3187 926 3232 CULTU
947 3186 983 3231 ET
1003 3186 1160 3233 llfflacunls
1181 3187 1208 3231 B.
1233 3188 1391 3233 instruar.

978 3396 1195 3409 -ῌ

639 3673 715 3738 lam
734 3668 815 3737 iude
829 3667 874 3736 ab
887 3668 1030 3737 advecto
1044 3669 1217 3739 Polociam
1232 3669 1396 3740 Vitebsco
1410 3675 1485 3762 post
1496 3686 1545 3732 ne-

596 3801 672 3849 cem
703 3778 869 3869 martyris
902 3800 1073 3871 corpore,
1104 3780 1351 3849 universorum
1388 3778 1543 3849 homiuum

595 3893 742 3961 aflectus
763 3890 799 3957 in
823 3890 900 3981 ejus
920 3889 1055 3957 cultum
1068 3890 1273 3959 incubuere.
1294 3890 1418 3959 Nullus
1437 3892 1541 3957 status,

595 4009 658 4071 aut
676 4023 806 4086 sexus,
825 4007 886 4069 aut
900 4007 985 4069 aetas
1000 4000 1147 4070 rationis
1161 4022 1325 4093 compOS,
1345 4024 1420 4095 qnae
1434 4020 1495 4068 non
1505 4000 1543 4062 Jo-

595 4114 803 4207 saphatum‚
828 4118 868 4181 ut
883 4112 1129 4193 innocentem,
1145 4120 1185 4182 ut
1196 4117 1267 4183 Deo
1280 4135 1418 4191 carum,
1431 4116 1543 4181 otmar·
