3259 5484
1613 498 1616 663 l

980 707 1159 780 -ld—
1614 730 1615 779 i

584 887 663 936 men
686 867 768 939 inde
792 891 863 939 non
887 870 1100 942 mediocrem
1123 879 1349 946 contraxerat
1376 877 1555 960 dolorem,

583 986 624 1048 ut
645 979 750 1049 etiam
764 1003 858 1074 aegre
876 982 1040 1053 incedere
1057 993 1188 1077 posset.
1206 989 1248 1054 Et
1262 986 1354 1057 sicut
1367 988 1454 1058 alias
1468 1013 1559 1060 scm·

583 1111 663 1180 per,
689 1090 782 1161 inter
798 1093 1026 1174 caedendum,
1054 1095 1104 1165 sic
1126 1097 1304 1190 precipue
1328 1106 1424 1181 tum,
1452 1104 1559 1172 corde

583 1201 726 1283 intimo,
745 1226 869 1274 rorans
889 1205 1073 1298 lacrymis,
1095 1208 1200 1278 claris
1222 1209 1455 1302 singultibus,
1480 1236 1562 1281 sua·
1616 1242 1617 1275 r

583 1311 673 1382 viter
688 1314 913 1384 revolvebat:
935 1316 1074 1386 Domine
1083 1319 1190 1399 Duo,
1208 1321 1282 1390 tolle
1295 1322 1492 1409 achomato,
1518 1325 1563 1390 dc

582 1447 746 1496 cutonem.

383 1550 480 1594 cutinus.
628 1546 666 1610 ln
689 1544 842 1638 pueritia
865 1546 1044 1618 innocenti
1066 1572 1085 1618 a
1105 1551 1253 1621 Domino
1276 1553 1375 1645 ipso,
1397 1555 1440 1625 de
1454 1577 1563 1626 cruce

585 1658 786 1748 pendente,
824 1661 868 1729 ad
904 1683 1007 1732 omne
1045 1663 1188 1734 virtutis
1221 1667 1330 1737 decus
1367 1691 1563 1739 succensus

584 1775 767 1866 Josaphat,
783 1796 862 1844 cum
884 1776 1208 1848 adolescentiam·iu
1229 1780 1354 1852 timore
1375 1783 1435 1852 uei
1458 1789 1564 1852 extra

584 1881 788 1973 religionem
813 1883 1044 1964 traduxisset,
1071 1907 1176 1976 quam
1210 1908 1376 1979 magnum
1400 1889 1563 1980 ejusdem

584 1997 794 2066 innocentiae
839 1995 1082 2089 castitatisque
1113 2019 1150 2066 se
1190 1999 1226 2066 in
1263 1999 1427 2091 religioso
1464 2007 1561 2070 statu

585 2113 780 2206 praebuerit
802 2113 990 2194 cultorem,
1015 2116 1070 2186 vel
1090 2137 1110 2184 e
1131 2115 1306 2186 severiore
1327 2117 1408 2186 vitae
1430 2139 1564 2208 genere

585 2227 749 2319 colligere
770 2227 920 2298 licuerit.
938 2228 1132 2299 Praeuobile
1150 2229 1379 2299 nihilominus
1400 2228 1467 2322 ipsi
1482 2251 1566 2321 per·

585 2338 701 2430 gravis
739 2338 806 2406 viri
849 2339 1045 2409 velificatur
1080 2337 1341 2417 testimonium,
1368 2337 1462 2429 quod
1480 2359 1565 2406 eam

585 2449 629 2518 ab
655 2447 799 2518 ineunte
821 2455 926 2520 aetate
940 2471 1005 2519 nec
1026 2472 1085 2530 re,
1108 2471 1174 2519 nec
1198 2470 1258 2518 ore
1282 2448 1425 2518 laeserit.
1451 2448 1567 2539 Cujus

585 2558 637 2628 rei
652 2560 754 2651 longo
770 2559 976 2651 praeclarius
989 2565 1237 2653 argumentum
1252 2558 1288 2626 in
1303 2579 1346 2627 eo
1364 2558 1459 2650 quod
1478 2559 1568 2627 sub·

582 2670 724 2762 jicitur‚
740 2671 884 2741 videris.

319 2781 417 2824 ¹⁰¹⁰h⁵¹¹¹
431 2782 547 2826 Μο-
630 2787 715 2852 Cum
739 2804 801 2875 per
821 2804 883 2852 ora
903 2782 1087 2852 hominum
1111 2782 1269 2874 probitas
1287 2780 1568 2872 vitaeJosaphati

354 2845 413 2892 vius.
433 2845 545 2900 episcopus

354 2905 558 2963 Vladimirievimu
586 2895 766 2975 volitaret,
787 2895 962 2987 malignus
976 2895 1027 2963 illi
1043 2894 1169 2964 invidit
1189 2893 1357 2986 spiritus,
1377 2893 1568 2983 prostrati-

354 2968 464 3024 Μ*
587 3029 657 3098 que
672 3006 818 3098 pudoris
830 3005 1006 3075 laminam
1019 3006 1056 3074 iu
1071 3027 1152 3075 eum
1170 3003 1350 3073 animavit.
1368 3006 1451 3084 0⁰ae
1464 3002 1568 3072 ¹³1¹(st

587 3121 664 3210 ejus
676 3119 918 3212 probitatique
931 3140 1048 3187 coram
1064 3116 1268 3186 bominibus
1279 3114 1472 3193 insultans,
1496 3118 1571 3187 eel-

587 3230 728 3322 lamque
763 3229 841 3322 ejus
869 3230 1060 3310 accedens,
1089 3231 1291 3322 petulanter
1311 3230 1355 3298 ad
1378 3229 1494 3298 scelus
1514 3231 1571 3322 ju-

587 3363 710 3410 venem
738 3341 950 3437 pelliciebat.
969 3346 1098 3411 Severo
1115 3342 1283 3433 Josaphat
1305 3363 1365 3412 ore
1387 3350 1423 3414 et
1445 3343 1570 3412 verbis

587 3473 651 3543 pro
664 3451 790 3521 merito
800 3450 916 3542 dignis
928 3471 1005 3520 eam
1016 3450 1168 3543 primum
1183 3453 1370 3544 asperavit.
1385 3458 1470 3523 Cum
1479 3475 1570 3523 vero

588 3563 675 3632 nihil
690 3563 899 3655 proficeret,
922 3569 1063 3655 arrepto
1078 3563 1192 3642 fuste,
1211 3563 1273 3655 qui
1292 3585 1375 3634 casu
1395 3565 1570 3657 quopiam

587 3673 660 3743 illic
672 3680 836 3767 repertus
850 3673 935 3753 fuit,
958 3673 1007 3743 ita
1022 3673 1207 3744 mulierem
1220 3676 1437 3768 compescuit
1450 3676 1572 3769 impu-

588 3786 718 3866 dicam,
737 3791 778 3855 ut
792 3785 883 3856 bene
897 3807 935 3855 se
951 3783 1048 3854 feriri
1069 3784 1244 3865 sentiam,
1271 3808 1351 3854 cum
1376 3786 1511 3856 rubore
1534 3796 1573 3858 et

587 3895 707 3966 dolore
741 3916 892 3988 propere
926 3893 1149 3964 abscesserit.
1178 3895 1367 3965 Maximum
1400 3896 1485 3965 huic
1517 3898 1571 3967 rei

313 4007 561 4050 ¹⁰¹⁰¹¹2¹⁰n⁰¹³⁰¹⁸³⁵⁰·
589 4013 806 4078 momentum
847 4008 948 4076 affert
980 4028 1048 4075 vox
1080 4005 1140 4073 illa
1175 4005 1392 4097 gravissima.
1429 4006 1571 4099 Virgini

340 4067 474 4174 llbllssfd
490 4068 546 4112 um
588 4121 746 4214 Deiparae
780 4140 859 4189 sese
885 4125 998 4189 totum
1021 4119 1230 4199 devoverat,
1255 4119 1312 4188 cui
1334 4120 1465 4190 nedum
1488 4141 1574 4190 aras
1612 4112 1620 4124 ’
