3259 5484
462 697 664 782 „trt-

88 865 141 919 tres
150 858 267 921 oculati
278 867 369 921 testes
379 857 413 918 in
427 860 561 918 Processu
575 855 734 932 Potoceusi,
750 871 865 937 nempe
876 852 924 927 lt),
938 851 994 933 qui
1004 859 1050 916 est

5 1011 6 1014 ,
25 1020 31 1026 ,
87 959 265 1041 vicepraetor,
280 964 328 1031 li,
342 960 553 1040 uicenotarius
566 968 597 1021 et
610 963 668 1021 106
675 980 685 1033 ;
698 975 837 1041 quorum
853 960 891 1019 10
907 956 960 1032 ait,
974 964 1051 1019 tune

5 1075 6 1124 ;
86 1068 169 1129 etiam
192 1068 409 1131 schismaticos
434 1068 467 1129 in
483 1068 579 1129 vitam
594 1068 675 1128 servi
691 1066 745 1128 Dei
760 1065 840 1127 duas
860 1062 993 1127 feminas
1008 1063 1052 1125 in·

85 1172 230 1244 struxisse,
249 1180 284 1233 ut
301 1171 561 1252 eumcpraetorio
579 1170 791 1233 discedentem
804 1170 914 1232 cultris
937 1168 1015 1232 cous
1033 1204 1050 1213 -

5 1289 6 1320 1
84 1269 197 1347 dereut3
215 1277 248 1333 ti
266 1274 326 1345 ait,
346 1273 387 1334 ab
401 1273 497 1354 hujus
513 1273 675 1335 seditionis
684 1281 825 1354 tempore
837 1272 1051 1333 schismaticos

83 1376 381 1457 semperoonjurasse
391 1376 422 1436 in
433 1384 567 1438 mortem
578 1376 735 1449 antistitis,
748 1383 779 1436 et
785 1374 1049 1455 conjurationem,

5 1505 6 1510 κ
84 1485 231 1556 postremo
241 1478 352 1540 effectu
364 1478 506 1540 sortitam
517 1478 669 1553 Vitebsci,
687 1480 870 1540 multoente
883 1478 1050 1559 perficien-

84 1578 150 1641 dam
160 1580 253 1643 tuisse
266 1582 408 1654 Poiociae,
425 1581 479 1642 sed
488 1582 657 1644 Dominum
667 1583 765 1644 Deum
773 1580 1051 1645 misericordiasua

5 1675 6 1678 ’
83 1684 217 1745 avertisse
232 1685 293 1746 hoc
308 1684 476 1747 malumab
487 1686 541 1747 illa
551 1686 687 1749 civitate.
701 1686 800 1748 Testis
813 1690 871 1747 106
887 1684 1003 1763 subdit,
1017 1687 1048 1747 in

83 1790 217 1865 pretorio
227 1789 372 1851 auditum
386 1788 481 1852 luisse
495 1790 769 1852 schismaticorum
780 1790 952 1865 clamorem
968 1811 974 1849 :
988 1789 1051 1851 Hic

81 1889 159 1967 fiduu
178 1899 307 1951 nostrum
326 1890 471 1965 destruit,
487 1892 651 1953 occidemus
663 1908 747 1964 eum,·
766 1899 797 1952 et
815 1890 932 1955 similia
953 1889 1050 1967 verba
1131 1967 1137 1972 ,

82 2001 200 2055 testatur
214 2013 247 2055 se
261 1993 388 2076 publice
404 1994 559 2057 audivisse
574 1995 660 2057 testis
678 1992 837 2056 sccundus
862 1994 894 2055 in
913 1993 1049 2073 Processu

5 2173 6 2176 Ἴ
81 2096 265 2178 urstisiana
275 2102 324 2174 t3,
340 2096 418 2158 dum
425 2096 637 2159 comitabatur
650 2096 923 2178 archiepiscopum
938 2096 970 2157 in
981 2096 1050 2157 uisi·

83 2200 188 2261 tatione
198 2200 380 2275 dioeceseos,
398 2199 517 2263 addens
530 2199 616 2281 quod
643 2200 745 2262 multo
760 2207 833 2263 ante
857 2198 1048 2265 schismatici

81 2299 297 2365 interfecissent
308 2304 492 2377 antistitem,
506 2302 565 2365 nisi
577 2310 664 2363 metu
674 2303 766 2382 regiae
776 2302 938 2383 potcstatis
947 2302 1048 2387 aversi

81 2398 200 2465 luissent
221 2422 238 2465 a
258 2404 389 2466 scelesto
409 2403 565 2478 facinore,
589 2403 676 2485 quod
695 2402 810 2465 deinde
823 2411 1046 2486 perpetrarunt

78 2500 214 2579 Vitebsci,
230 2505 309 2567 dum
322 2507 432 2568 nullus
446 2507 488 2568 ibi
502 2506 611 2568 aderat
622 2506 766 2567 minister
778 2506 894 2585 regius.

112 2605 153 2667 Be
173 2608 292 2670 saeuitia
309 2618 340 2668 et
360 2608 539 2670 contumaci
559 2606 633 2671 odio
656 2607 929 2670 schismaticorum
950 2608 1046 2675 ctiam

75 2718 138 2785 post
152 2719 285 2773 mortem
294 2711 326 2771 in
339 2712 525 2773 venerabilis
536 2712 594 2772 viri
607 2709 741 2773 cadaver
754 2719 908 2774 testantur
918 2710 959 2773 de
975 2702 1045 2773 visu

76 2817 160 2874 testes
183 2817 222 2875 32
243 2814 366 2887 consul,
392 2817 430 2875 33
455 2815 597 2876 notarius
619 2822 650 2875 et
671 2818 710 2877 93
735 2815 867 2877 honesta
888 2822 1042 2887 matrona,

74 2926 248 2989 asserentes,
266 2916 360 2989 viros,
374 2934 499 2996 pueros,
517 2915 695 2979 seminasex
707 2917 794 2979 omni
809 2925 899 2979 aetate
910 2916 1044 2999 pedibus

70 3019 159 3093 caput
192 3017 346 3090 calcasse,
377 3016 483 3078 barbae
521 3026 551 3077 et
574 3017 686 3099 capitis
711 3017 844 3098 capillos
876 3016 1040 3091 evulsisse,

73 3119 228 3197 exspuisse
253 3118 286 3179 in
312 3117 425 3182 faciem
451 3119 583 3199 aliisque
613 3118 795 3198 ignominiis
822 3119 973 3193 affecisse;
1009 3126 1044 3203 ³et

71 3218 106 3278 32
127 3220 287 3302 exprimit,
309 3220 397 3303 quod
421 3221 611 3282 schismatici
636 3230 798 3283 mortuum
818 3221 985 3301 elevarunt
1012 3228 1044 3281 et

66 3320 126 3399 jam
140 3333 281 3395 erectum
295 3324 337 3385 ita
351 3323 597 3405 alloquebantur
613 3346 619 3385 :
634 3324 791 3406 Numquid
802 3345 859 3386 nou
870 3324 931 3385 dics
944 3323 1041 3385 domi*

66 3424 143 3485 uicus
153 3434 197 3487 est
206 3426 314 3487 lodie?
330 3427 507 3519 Ceueiouuri
518 3438 545 3489 te
554 3437 681 3509 oportet,
689 3428 923 3511 crciiepr'scope;
931 3413 1041 3509 sicque

67 3525 299 3607 aliquantulum
316 3547 442 3589 servum
462 3529 517 3591 Dei
531 3527 696 3591 irridentes
710 3539 820 3612 postea
840 3529 987 3592 eumdem
1002 3529 1041 3592 a'd

64 3637 178 3693 terram
204 3632 379 3695 alliserunt.
408 3633 506 3694 Testis
520 3637 571 3714 Ι33
594 3633 698 3707 addit,
715 3633 866 3696 feminam
891 3636 971 3697 sexui
986 3635 1041 3697 Dei

65 3732 197 3797 barbam
213 3735 380 3799 vellentem
394 3736 463 3798 visu
478 3736 633 3817 privatam
644 3735 750 3813 luisse,
766 3746 796 3798 et
811 3735 916 3800 adhuc
931 3756 1040 3819 super-

63 3838 166 3899 stitem
182 3856 261 3912 ease,
271 3857 309 3900 ac
319 3840 489 3914 cecitatem
503 3858 594 3901 suam
608 3858 646 3901 ex
655 3839 802 3921 praedicta
817 3858 910 3902 causa
923 3848 1038 3915 ortam,

62 3959 132 4004 cum
168 3943 320 4022 lacrymis
347 3944 449 4019 scelus
474 3961 569 4005 suum
597 3942 753 4018 deflende,
767 3944 921 4008 confiteri.
938 3944 1039 4032 Quam

62 4048 221 4113 ultionem
241 4066 322 4128 saepe
340 4047 423 4109 Deus
443 4045 592 4112 adversus
614 4055 789 4127 martyrum
805 4054 1040 4139 ‚contemptores

60 4151 229 4229 estendepe
241 4150 414 4235 consuevit,
432 4157 467 4213 ut
480 4157 593 4239 notant
602 4148 731 4240 Teptpil.
748 4150 857 4236 titud
865 4149 1036 4235 Scopulum,
