3259 5484
938 771 1105 817 ..ῃ-

531 929 687 1016 qvcosdam
711 927 932 996 illustrissimi
954 930 1097 998 suminis
1120 930 1170 998 lui
1194 931 1305 998 radios
1331 932 1367 998 in
1394 953 1508 999 novam

533 1059 616 1128 liano
635 1058 790 1126 Susaiani
806 1060 913 1148 operis
932 1061 1105 1127 editionem
1124 1061 1317 1128 derivarem.

575 1193 626 1260 Act
648 1195 736 1278 leae,
758 1201 795 1261 ul
815 1194 924 1260 meod
944 1191 1047 1260 Tuum
1063 1193 1286 1280 patrocinium
1299 1194 1509 1281 evincendum

524 1333 753 1408 cortverterem,
776 1324 931 1391 suadebat
956 1324 1005 1390 vel
1031 1324 1104 1412 ipsa
1120 1322 1190 1390 Tua
1204 1323 1393 1390 lumercitas
1413 1333 1510 1413 alque

526 1457 672 1544 facilitas
694 1478 760 1547 qua
785 1476 890 1544 nuper
915 1476 936 1520 a
962 1477 1011 1522 me
1036 1454 1178 1521 similem
1203 1455 1346 1543 ejusdem
1364 1455 1509 1521 auctoris

528 1584 678 1671 ccempisti
696 1583 924 1672 scriptionem,
946 1584 984 1650 cle
1004 1581 1130 1650 Melelio
1149 1581 1357 1685 Smetriscio,
1379 1604 1510 1672 queme

529 1711 629 1778 Saulo
664 1711 699 1776 in
733 1709 876 1777 Paulum
896 1708 1054 1777 Rntlenoe
1089 1709 1225 1776 [litionis
1257 1711 1418 1798 sanquine
1450 1731 1510 1777 suo

531 1841 820 1928 transformaverat
839 1841 948 1908 leatus
967 1839 1136 1929 losaplrat.

573 1971 651 2038 Erit
669 1971 819 2058 fortassis
834 1994 867 2038 eo
888 1973 988 2038 oliam
1006 1972 1135 2039 nomine
1153 1971 1305 2040 laomen
1324 1971 1396 2040 Titi
1421 1974 1511 2040 olla-

532 2100 576 2166 lio
604 2100 785 2189 nocentior,
825 2102 911 2191 quood
939 2102 1076 2190 effipiem
1103 2101 1228 2168 calcitret
1258 2102 1508 2191 archipraesulis

527 2229 744 2312 sanctissimi,
769 2230 845 2317 qni,
878 2238 916 2298 ul
941 2238 1054 2298 catera
1088 2238 1228 2308 taceam,
1254 2230 1375 2298 labores
1397 2232 1509 2299 incre-

529 2357 644 2424 dibiles
671 2359 781 2446 posuit
813 2359 851 2425 in
883 2360 1002 2426 terenda
1030 2357 1124 2426 Sectis
1150 2358 1339 2447 Apostoliece
1364 2363 1507 2429 auctori-

529 2496 592 2556 tate
610 2496 705 2578 ulque
719 2490 756 2556 in
772 2489 988 2579 popularibus
1001 2491 1070 2556 suis
1085 2490 1129 2556 acl
1140 2490 1354 2557 obedientiam
1365 2489 1508 2558 Romani

529 2615 698 2704 Pontifieis
708 2618 909 2686 reducendis,
927 2615 1028 2707 Cujus
1039 2619 1210 2701 memoria,
1224 2625 1260 2684 at
1273 2625 1320 2684 est
1333 2619 1423 2706 apcrcl
1436 2616 1507 2684 Ru-

531 2747 639 2814 tlteuos
659 2770 730 2815 cum
749 2747 783 2814 S.
803 2747 845 2815 R.
861 2747 903 2814 Ε.
924 2749 1029 2815 cerritis
1041 2749 1079 2816 in
1093 2749 1325 2831 benedictione,
1342 2749 1425 2816 itaa
1443 2771 1507 2816 non

529 2883 649 2962 cerritis,
664 2891 776 2950 nostra
787 2883 969 2970 praesertim
983 2889 1090 2958 atate,
1106 2881 1331 2969 proculcator,
1347 2881 1507 2969 majoresve

529 3010 671 3078 clicerim
693 3010 826 3077 malitia
850 3031 895 3076 an
924 3009 1113 3098 ipnoranlia
1128 3030 1140 3075 .·
1168 3030 1233 3075 non
1254 3029 1340 3076 secus
1362 3029 1401 3075 ac
1427 3010 1507 3076 olim

528 3163 642 3230 eorpus
670 3141 786 3229 optimi
813 3140 913 3229 liujus
937 3142 1079 3228 pastoris
1114 3140 1262 3207 momine
1292 3146 1506 3207 tractaverant

527 3273 670 3360 ejusdem
689 3271 925 3351 orthodoxiae,
949 3281 986 3339 ut
1006 3273 1117 3356 aiunl,
1137 3280 1322 3355 sectatores,
1338 3275 1503 3356 mdeieles,

527 3402 699 3481 calcantes,
718 3409 937 3491 conspuentes,
953 3403 1122 3492 quibusvis
1136 3404 1266 3470 clemum
1275 3403 1404 3492 probris
1420 3405 1505 3471 illud

527 3535 716 3622 afficientes.
742 3534 793 3603 aa
812 3557 889 3624 qnos
915 3537 1156 3622 confurrclentlos
1174 3544 1232 3603 aut
1247 3537 1358 3624 polius
1376 3536 1504 3604 Clerislo

531 3671 720 3752 lucrandos,
745 3669 801 3735 via
822 3669 1003 3758 quidquam
1025 3667 1236 3755 opportunius
1261 3675 1319 3734 arel
1344 3668 1504 3754 efficaciam

528 3822 593 3869 esse
601 3801 739 3889 poterit,
755 3820 854 3887 acram
870 3808 905 3867 ul
916 3799 1060 3920 petrocino
1076 3799 1161 3865 tanti
1171 3799 1257 3866 servi
1274 3797 1337 3866 Dei
1349 3799 1456 3886 imapo
1470 3799 1504 3863 iu

527 3929 627 4018 plena
643 3927 790 3995 veritalis
810 3927 877 3994 luce
895 3927 933 3993 olr
946 3948 1057 3994 eorum
1070 3925 1174 3992 callos
1192 3934 1346 4014 ponatur.
1363 3924 1502 4014 Speran-

529 4066 609 4132 clum
623 4085 736 4152 nempe
750 4070 794 4130 est
810 4064 896 4150 lore,
914 4069 951 4128 ul
966 4063 1237 4150 quemadmodum
1256 4061 1335 4128 olim
1347 4059 1503 4149 losaplmt

530 4201 778 4292 quamplurium
792 4199 1013 4268 inimieorum
1025 4201 1130 4268 eorda
1142 4199 1315 4268 convertit
1325 4199 1369 4267 ad
1381 4220 1501 4291 paoem
