3259 5484
971 703 1127 772 „2-

265 849 330 894 ”⁸
366 955 374 966 ι
402 873 411 884 ”
542 853 804 958 [ηξειςηίιυάίηθ
835 867 1065 946 meritorum,
1098 864 1353 957 sanguinisque
1374 886 1439 956 pro
1465 863 1538 933 lide

194 971 232 1066 ,ἧς
246 971 256 1048 Ξ
388 959 430 1068 ἱῖῑ
452 983 497 1058 ’ξὲ
530 969 726 1049 ..ardenter
736 977 1427 1071 prolusitortitudine,obstupescendam
1436 977 1541 1046 mira·

562 1089 721 1160 culorum
736 1091 904 1184 adeptum
919 1091 1079 1184 gloriam.

606 1208 782 1302 Originum
802 1209 862 1281 ille
881 1211 988 1281 traxit
1007 1213 1051 1282 de
1074 1211 1185 1304 stirpe
1200 1231 1281 1279 rosa
1300 1209 1476 1281 utentium
1500 1211 1539 1278 in

309 1333 516 1390 turparunt-ns.
562 1337 669 1408 regno
689 1318 841 1388 Poloniae
864 1318 1037 1389 nobilium
1057 1343 1066 1402 ;
1098 1319 1149 1389 uti
1174 1319 1281 1389 etiam
1302 1341 1344 1390 ea
1373 1319 1450 1412 ipsa
1472 1341 1540 1411 pro

563 1431 749 1498 stemmate
776 1451 863 1498 usus
881 1436 948 1500 est.
965 1431 1032 1500 Sed
1047 1451 1128 1499 oum
1145 1432 1210 1500 hoo
1227 1430 1264 1498 iu
1284 1430 1371 1501 orbe
1394 1451 1452 1500 res
1470 1453 1541 1500 va-

561 1538 648 1607 dant
670 1537 707 1606 in
733 1537 877 1620 orbem,
907 1545 943 1610 et
969 1563 1107 1610 summa
1137 1541 1218 1610 imis
1244 1540 1537 1621 intermutentur‚

562 1653 728 1738 parentes
750 1649 827 1740 ejus
846 1649 921 1741 jam
939 1651 983 1719 ab
1005 1672 1046 1721 ea
1065 1650 1272 1721 defloruisse
1293 1650 1357 1719 visi
1379 1652 1538 1721 fortuna.

562 1758 774 1832 Vladimiriae
785 1763 918 1856 quippe
930 1763 964 1831 in
981 1763 1170 1856 llolhynia,
1188 1763 1321 1832 Russiae
1338 1763 1538 1856 provincia,

561 1872 604 1942 de
631 1873 791 1943 Gabriele
817 1873 1012 1943 Kunoevioz
1036 1874 1180 1944 consule
1213 1879 1249 1943 et
1277 1873 1429 1953 Mariua,
1464 1874 1540 1941 lilia

561 1983 759 2064 consulari,
782 2005 874 2053 auno
891 2006 912 2052 a
931 1991 1035 2076 partu
1050 1984 1207 2076 virgineo
1222 1984 1411 2054 millesimo
1433 1984 1542 2077 quin·

562 2094 757 2184 gentesimo
768 2094 982 2186 octogesimo
993 2095 1199 2186 progenitus
1213 2102 1279 2164 est.
1295 2098 1363 2164 Neo
1373 2093 1543 2164 dubitant

563 2204 718 2294 quidam,
731 2205 972 2275 sanctimoniae
983 2205 1061 2298 ejus
1071 2206 1181 2298 gloria
1192 2205 1320 2286 allecti,
1331 2227 1412 2275 eum
1422 2205 1542 2296 magni

543 2315 716 2418 gnominis
738 2316 1030 2386 Kunoevieiorum
1052 2316 1088 2384 iu
1116 2315 1304 2385 Lithuania
1329 2337 1542 2385 enumerare

564 2426 718 2496 familiae.
740 2431 993 2499 Verumtamen
1014 2429 1129 2522 pietas
1145 2428 1413 2521 progenitorum
1436 2428 1540 2520 ejus,

564 2539 765 2609 christianae
790 2540 921 2609 sociata
950 2539 1190 2633 simplicitati,
1222 2561 1330 2631 quam
1358 2545 1434 2608 toto
1457 2539 1542 2607 vitae

563 2649 766 2720 dilexerunt
780 2673 899 2731 eursu,
919 2657 1016 2720 tanto
1033 2651 1175 2720 surculo
1187 2671 1258 2718 non
1273 2648 1416 2741 indigna
1429 2647 1542 2716 luisse

349 2793 476 2848 rapiamus.
564 2762 723 2833 dicenda.
741 2763 885 2832 loannis
898 2785 1025 2834 nomon
1038 2766 1082 2835 de
1094 2764 1320 2842 fontesaoro,
1338 2761 1375 2828 in
1391 2760 1542 2830 eeclesia

563 2876 758 2945 ruthenos.
785 2876 951 2967 martyris
977 2881 1186 2945 Parasoeves
1210 2879 1473 2964 assumpserat3
1500 2879 1543 2939 ut

563 2987 619 3056 vel
641 2986 723 3058 inde
742 2993 778 3056 et
794 2987 889 3055 filius
904 2986 1044 3078 gratiae,
1059 2991 1094 3056 et
1113 2990 1246 3075 martyr
1260 2982 1437 3076 gratiosus
1450 3003 1544 3074 prae·

563 3098 753 3169 diceretur.
768 3102 795 3168 Α
813 3098 1022 3191 parentibus
1037 3097 1074 3165 in
1093 3097 1220 3167 timore
1235 3095 1371 3175 divino,
1391 3093 1436 3163 ab
1451 3093 1544 3162 ube-

563 3207 662 3277 ribus
677 3209 853 3289 nutritus,
870 3210 913 3278 ad
932 3230 1009 3279 eam
1026 3207 1225 3300 quondam,
1243 3207 1280 3274 in
1295 3227 1366 3298 qua
1379 3204 1549 3274 christia-

562 3321 618 3390 nis
639 3321 801 3392 initiatus
820 3323 936 3393 fuerat
958 3320 1158 3414 mysteriis,
1185 3321 1306 3390 illatus
1327 3318 1544 3400 eeclesiam,

563 3436 713 3528 effigiem
742 3436 987 3529 Redemptoris
1016 3438 1127 3505 nostri
1159 3437 1203 3506 de
1239 3457 1343 3505 oruoe
1374 3435 1547 3524 suspensi

563 3553 731 3634 advertit,
749 3554 883 3647 etquid
898 3554 949 3624 rei
965 3555 1072 3635 foret,
1089 3553 1235 3645 rogavit.
1253 3552 1314 3623 Cui
1328 3551 1414 3644 ipsi,
1432 3572 1547 3642 appo-

563 3666 641 3736 sitis
662 3667 705 3735 ad
732 3666 873 3737 tenellae
899 3666 1015 3736 aetatis
1037 3665 1272 3758 cognitionem
1295 3661 1431 3742 verbis,
1459 3683 1546 3732 esse

563 3778 625 3848 Dei
636 3777 862 3870 hominisque
876 3778 1085 3870 imaginem,
1103 3798 1169 3870 pro
1180 3776 1370 3844 asserendo
1385 3773 1421 3841 in
1435 3771 1551 3842 liber-

565 3891 673 3955 tatem
697 3891 733 3955 et
755 3886 907 3956 salutem
924 3886 1066 3956 homine
1089 3884 1222 3965 enecti,
1249 3882 1548 3976 propalaverunt.

290 4027 532 4072 nonanoeane.
562 3999 715 4066 Mutatus
742 3995 870 4064 exinde
896 3994 1056 4086 puellm,
1083 3992 1234 4062 sensile
1256 3991 1365 4059 latere
1391 3991 1551 4080 appensi

562 4103 700 4175 Domini
736 4103 874 4196 igneam
904 4112 1149 4197 erumpentem
1189 4101 1376 4172 scintillam
1412 4100 1449 4166 in
1480 4121 1552 4170 eor
