3259 5484
960 677 1138 747 ..18-

559 841 725 913 idiomate
736 849 859 913 exacte
871 843 1026 913 tradidit.
1039 847 1162 932 (Quem
1173 845 1346 937 Iosephus
1355 841 1532 923 Rutscius,

558 955 784 1046 postmodum
798 955 933 1026 Russiar
947 957 1256 1050 metropolitanus,
1276 955 1533 1026 zelosissimum

557 1067 701 1138 Unionis
724 1075 810 1138 tunc
835 1069 1013 1140 nascentis
1035 1070 1258 1140 fundatorem
1284 1073 1320 1139 et
1354 1088 1534 1159 propaga-

556 1185 682 1260 torem,
695 1181 809 1250 virum
824 1181 928 1273 plane
943 1180 1175 1274 apostolicum
1190 1179 1364 1259 nominat,
1381 1178 1533 1270 ejusque

555 1290 762 1361 memoriam
781 1292 875 1384 apud
890 1313 955 1361 nos
974 1298 1010 1362 et
1028 1297 1189 1383 posteros
1209 1296 1348 1360 nostros
1362 1289 1398 1357 in
1422 1288 1532 1359 bene·

554 1404 708 1476 dictione
737 1426 814 1476 esse
844 1405 976 1476 debere
1003 1405 1159 1493 asserit.)
1185 1407 1259 1474 Non
1287 1402 1419 1496 ingenii
1447 1425 1532 1472 vero

555 1515 689 1597 solum,
716 1538 757 1587 ac
784 1516 964 1586 memoriae
986 1515 1194 1596 tenacioris,
1219 1514 1414 1606 judiciique
1443 1535 1532 1605 per-

554 1625 670 1717 magni
692 1627 873 1707 acumine,
898 1627 960 1696 sed
982 1627 1087 1697 etiam
1104 1626 1251 1719 spiritus
1269 1625 1377 1695 divini
1399 1646 1532 1716 opera-

281 1757 526 1814 slppauanaiaur-
553 1735 649 1806 tione
663 1738 718 1808 vcl
738 1737 907 1818 maxime,
925 1744 1024 1807 tanto
1037 1739 1207 1830 Josaphat
1219 1736 1388 1828 magistro
1402 1735 1531 1826 dignus
1617 1758 1618 1773 ¹

309 1823 386 1868 bouum
397 1822 459 1876 l'lll,
471 1833 526 1864 auno

307 1889 367 1942 aar,
382 1887 498 1932 lavamur.
553 1853 664 1923 evasit
687 1854 896 1947 discipulus.
918 1858 1028 1924 Grave
1048 1853 1135 1922 illud
1156 1851 1397 1923 testimonium
1418 1851 1461 1919 de
1487 1872 1529 1918 eo

307 1954 381 2008 ''¹³¹⁰''
551 1966 838 2058 congregationis
860 1989 967 2036 sacrae
987 1967 1030 2036 de
1053 1966 1280 2058 propaganda
1300 1964 1383 2033 Fide
1406 1961 1530 2054 prola·
1617 1972 1618 2015 1

553 2086 648 2159 tum,
667 2080 863 2171 ponderare
887 2078 1002 2148 liccat.
1025 2076 1252 2169 Theologicas
1272 2096 1354 2144 vero
1373 2071 1531 2142 difficul-
1617 2164 1618 2167 Ἴ

552 2195 641 2258 tates
662 2189 754 2259 circa
779 2189 986 2282 mysterium
1018 2194 1149 2258 sauctae
1172 2187 1370 2265 trinitatis,
1402 2193 1437 2254 et
1459 2184 1528 2251 alia
1617 2272 1618 2275 Ἴ

550 2299 752 2392 hujusmodi
768 2302 906 2371 facilius
927 2301 1121 2382 intellexit,
1144 2322 1250 2392 quam
1274 2298 1529 2368 subtilissimus
1617 2278 1618 2335 l

550 2411 703 2504 quisque
718 2411 785 2481 sibi
805 2413 982 2505 explicare
1004 2412 1190 2504 potuisset.
1213 2410 1356 2479 Talibus
1376 2410 1529 2478 instruc·
1617 2410 1618 2447 ³

549 2527 608 2590 tus
620 2521 679 2593 illc
695 2523 821 2604 armis,
839 2523 1025 2593 audentior
1036 2522 1073 2591 iu
1084 2524 1205 2592 hostes
1218 2520 1397 2601 Eeclesiae,
1413 2521 1530 2589 haere-

550 2630 637 2700 ticos
663 2638 698 2702 et
723 2632 965 2702 schismaticos
989 2632 1081 2713 ibat,
1107 2632 1237 2724 quibus
1261 2629 1455 2699 slavonicas
1482 2653 1530 2700 ex
1617 2644 1618 2667 ¹

549 2741 649 2812 libris
669 2743 916 2813 ecclesiasticis
931 2748 967 2813 et
985 2741 1206 2823 doctoribus,
1224 2740 1261 2810 in
1276 2762 1354 2810 eam
1369 2740 1529 2831 linguam

550 2855 747 2937 translatis,
779 2855 944 2925 collectas
969 2854 1184 2947 adjungebat
1211 2854 1460 2934 auctoritates,
1492 2862 1531 2923 et
1617 2928 1618 2947 ζ

549 2971 692 3036 strenue
728 2965 951 3059 feliciterque
982 2966 1141 3059 deipsis
1180 2971 1367 3036 eteorum
1410 2964 1530 3034 salute
1617 2978 1618 3061 ξ

548 3075 802 3168 triumphabat.
829 3081 1087 3169 Nonnunquam
1109 3077 1263 3148 acriores
1287 3077 1527 3158 schismatici,

548 3189 758 3258 eruditiores
772 3189 828 3259 vel
844 3212 946 3271 suos,
963 3189 1018 3260 vel
1034 3189 1236 3271 haereticos,
1254 3190 1297 3258 ad
1312 3193 1532 3259 concertan-

547 3301 631 3369 dum
642 3303 952 3394 cumlosaphatde
963 3302 1070 3372 rebus
1081 3303 1162 3372 fidei
1175 3300 1533 3391 evocabant,utejus
1617 3310 1618 3315 ’

546 3410 710 3481 inertiam
722 3414 795 3482 suis
804 3415 1058 3484 confunderent
1071 3413 1235 3505 argutiis3
1253 3414 1314 3483 sed
1325 3413 1533 3505 ipsagratia
1617 3438 1618 3505 j

546 3523 619 3603 Dei,
637 3523 674 3591 in
688 3523 791 3593 labiis
802 3527 971 3617 Josaphat
981 3525 1125 3606 diffusa,
1144 3514 1283 3618 semper
1293 3524 1428 3594 confusi
1442 3531 1534 3594 stu·
1617 3522 1618 3567 ἢ

546 3643 761 3729 pontesque,
786 3638 881 3707 uude
905 3639 981 3708 haec
1004 3638 1055 3706 illi
1081 3638 1269 3729 sapientia,
1297 3636 1529 3707 recedebant.

273 3787 518 3841 1„1‚„,1‚,2,„2,1..
590 3755 676 3820 Gum
706 3773 845 3820 sacrum
872 3752 1084 3844 presbyterii
1110 3752 1326 3822 ascendisset
1353 3752 1530 3844 gradum,
1617 3764 1618 3847 j

357 3849 427 3894 lm*
545 3861 674 3932 mirum
697 3884 781 3932 sane
806 3885 912 3954 quam
936 3863 1092 3945 erudito,
1110 3864 1239 3946 vivaci,
1257 3863 1411 3957 potenti,
1428 3863 1532 3935 felici
1617 3852 1618 3855 ¹

544 3976 588 4046 de
603 3975 713 4045 sacris
726 3975 851 4045 rostris
865 3997 929 4068 pro
941 3975 1109 4046 concione
1120 3977 1163 4045 ad
1176 3977 1348 4068 populum
1361 3982 1534 4048 uteretur

544 4107 719 4157 sermone.
741 4089 949 4158 Gateeheses
972 4089 1015 4157 de
1039 4088 1122 4158 fidei
1144 4088 1320 4169 articulis,
1342 4088 1532 4181 praecipue
1617 4146 1618 4169 ,
