3259 5484
489 766 690 838 ...135-

112 923 344 1013 naufragatur.
364 926 453 991 Itum
473 922 702 1001 absorbetur,
719 925 866 991 Beatum
881 921 1047 1012 implorat
1064 943 1071 988 :

112 1054 199 1103 nunc
213 1032 279 1103 sibi
290 1034 542 1125 opitularetur,
559 1033 587 1100 si
604 1054 707 1102 verus
723 1040 856 1123 martyr
871 1037 975 1111 esset,
991 1037 1075 1102 etse

113 1146 257 1215 schisma
290 1146 434 1215 omnino
480 1145 738 1237 abjuraturum.
772 1143 894 1213 Adfuit
932 1151 1076 1213 vocatus

111 1263 291 1353 tosaphat,
321 1258 488 1349 visusque
512 1256 546 1324 in
572 1257 800 1350 voraginibus
821 1256 916 1325 ssuvii
932 1256 1075 1349 pontiti·

111 1375 175 1443 oali
195 1372 344 1443 vestitus
369 1370 516 1448 habitu,
543 1391 687 1437 manum
722 1369 851 1439 misero
880 1367 1073 1460 porrigere.

112 1488 215 1565 Quam
231 1484 309 1577 ipse
323 1490 453 1575 putans
471 1504 603 1560 veram,
621 1488 658 1551 et
674 1482 910 1574 prehendens
926 1480 1076 1549 navicu-

112 1594 227 1664 latoris
240 1590 445 1685 cujusdam,
464 1593 734 1685 esubsequente
753 1592 855 1673 navi,
877 1615 948 1684 quo
964 1598 1077 1661 utun-

112 1713 166 1773 tur
183 1706 217 1773 in
231 1705 350 1797 aquis,
369 1704 523 1773 mirabili
538 1726 621 1774 sane
637 1704 794 1784 ratione,
817 1704 1000 1773 demersus
1017 1702 1075 1771 ille

112 1818 250 1899 nobilis,
271 1819 307 1886 in
323 1818 438 1887 navim
463 1818 680 1898 extrahitur,
696 1839 891 1910 casumque
921 1839 1023 1885 suum
1041 1822 1077 1886 et

111 1929 269 2021 martyris
294 1928 508 2020 adjutorium
536 1952 580 1998 ex
608 1929 732 1999 ordine
756 1930 897 2022 pandit,
925 1928 1076 1999 schisma

111 2040 256 2131 abjurat,
275 2042 501 2133 votivumque
512 2063 673 2132 magnam
685 2063 729 2111 ex
744 2048 890 2133 argento
904 2041 1073 2121 tabulam,

111 2153 176 2222 divi
193 2154 353 2246 corpori,
372 2160 575 2245 praesentat.

150 2274 202 2343 92.
224 2278 324 2344 Anno
339 2273 439 2354 4648,
456 2274 512 2344 die
526 2273 570 2343 40
583 2274 681 2354 maii,
698 2274 855 2343 extincto
870 2272 947 2341 orbi
959 2272 1078 2342 chris-

112 2385 200 2456 tiano
220 2386 520 2458 desideratissimo
539 2386 692 2456 Polouiae
707 2408 806 2478 rege,
829 2385 1005 2456 Vladislao
1020 2388 1074 2464 IV,

112 2500 327 2568 serenissima
357 2499 532 2570 Ludovica
560 2499 666 2570 Maria
690 2499 812 2591 regina
831 2498 1076 2591 gravissimum
1103 2537 1226 2582 mund,
1242 2542 1335 2581 mm„

111 2608 214 2677 subiit
227 2609 309 2678 vitae
323 2609 530 2689 discrimen,
546 2632 590 2679 ex
606 2609 640 2679 vi
653 2609 820 2701 peremis,
835 2617 871 2679 et
883 2609 1076 2680 multorum
1122 2656 1123 2659 =

112 2722 280 2790 mensium
295 2721 527 2813 aegritudinis.
538 2726 607 2791 Nec
616 2744 698 2813 spes
710 2730 895 2813 supererat
910 2720 946 2789 in
959 2723 1079 2789 huma·
1089 2808 1094 2817 ι

112 2830 163 2899 nis
186 2832 363 2912 remediis,
391 2834 434 2901 ad
461 2833 591 2902 ostium
618 2832 828 2903 aeternitatis
855 2832 1076 2903 consistenti.

111 2945 199 3015 luter
213 2943 324 3012 muita
347 2943 489 3013 demum
510 2949 610 3023 vota,
640 2964 704 3034 pro
723 2944 965 3035 recuperanda
978 2943 1080 3014 vale-

113 3058 229 3127 tudine
249 3058 360 3137 facta,
384 3056 478 3125 beati
493 3055 673 3147 losaphati
692 3055 983 3126 intercessionem
1007 3056 1080 3124 im-

114 3166 275 3256 ploravit,
300 3173 337 3236 et
359 3166 457 3237 brevi
482 3173 641 3257 tempore
670 3166 860 3235 convaluit.
878 3167 973 3237 Grati
996 3189 1078 3237 vero

112 3278 214 3345 animi
236 3300 338 3370 ergo,
356 3300 421 3370 per
443 3300 569 3347 manus
583 3278 722 3370 Georgii
744 3279 978 3369 Tyszkievicz,
998 3280 1080 3371 epi-

113 3390 204 3480 scopi
217 3389 403 3468 Vitnensis‚
419 3388 616 3481 lampadem
627 3391 671 3459 ad
684 3390 888 3482 sepulcrum
900 3390 1078 3483 iosaphati

114 3498 249 3569 direxit.

150 3621 203 3690 93.
229 3622 284 3691 94.
310 3623 544 3692 Marsehalcus
558 3622 658 3713 regni
670 3621 796 3702 minor,
809 3623 1076 3701 Kazanovscius

112 3755 186 3801 cum
211 3734 359 3826 conjuge
384 3757 448 3802 sua
473 3734 624 3825 pedibus
652 3735 765 3804 multo
786 3736 871 3826 aegri
897 3743 1103 3828 tempore,¹
1147 3763 1301 3817 ruituram

113 3868 173 3916 uec
190 3847 352 3917 incedere
371 3847 515 3939 penitus
535 3848 713 3927 valentes,
737 3871 781 3918 ex
801 3854 884 3917 voto
907 3848 1079 3918 Potoeiam

112 3957 152 4025 ad
176 3957 377 4050 sepulerum
402 3958 585 4049 martyris,
616 3960 823 4051 plusquam
850 3980 913 4050 per
938 3966 1080 4028 eentum

113 4063 242 4145 leucas,
273 4067 455 4158 appulere.
481 4069 602 4140 Annus
625 4074 700 4137 tum
724 4068 897 4159 agebatur
912 4067 1015 4147 1649,
1045 4075 1082 4137 et

113 4180 248 4267 tempus
261 4177 479 4247 autumnale.
496 4182 570 4260 Quo
585 4200 668 4247 vero
685 4178 741 4247 die
761 4178 987 4258 advenerant,
1006 4184 1083 4245 sta-
