3259 5484
489 686 690 759 -103-

102 844 321 925 nominibus,
337 866 502 914 nummos
516 841 730 913 tumultibus
745 841 905 911 fovendis
920 841 1078 911 contule·

102 956 179 1023 rint.
212 957 326 1047 ldque
353 955 473 1024 album
499 954 725 1046 rationesque
747 952 1074 1032 contributionum,

33 1087 37 1101 ·
101 1066 191 1135 domi
207 1088 280 1136 suae
299 1066 443 1136 Poloeiae
456 1065 684 1135 observaret:
701 1071 736 1134 et
749 1063 844 1132 filius
864 1064 952 1155 ejus
976 1064 1078 1133 Basi-

103 1179 186 1259 lius,
204 1179 286 1249 neci
309 1174 489 1270 losephati
504 1176 674 1246 affuisset.
692 1175 860 1259 Quocirca
876 1174 957 1243 colli
972 1176 1078 1245 dam-

101 1296 218 1371 natuS,
237 1313 357 1383 neque
370 1290 560 1371 confitens;
578 1289 662 1358 dum
683 1288 840 1378 carnifex
859 1287 1077 1357 extendisset

101 1422 230 1482 ensem,
246 1401 403 1494 primum
416 1400 447 1469 ei
463 1399 602 1491 objecta
615 1398 677 1467 uni
692 1397 778 1467 ictui
790 1397 927 1467 abcissa
938 1398 1073 1480 dextra,

100 1516 199 1584 alteri
226 1516 386 1596 sinistra,
417 1514 548 1607 quibus
570 1536 608 1583 se
634 1514 752 1607 ipsum
783 1515 974 1595 tuebatur,
999 1521 1075 1583 tum

101 1648 202 1696 aures
216 1628 361 1707 divisae,
382 1628 524 1697 tandem
545 1628 746 1697 demessum
761 1634 879 1721 eaput.
906 1628 1076 1699 Omnibus

97 1740 189 1830 justa
204 1741 270 1809 Dei
287 1741 422 1833 judicia
444 1740 740 1821 inclamantibus,
763 1740 930 1811 rescissas
952 1762 1077 1810 manus

101 1857 229 1947 quibus
246 1857 483 1949 baptizasset,
498 1857 554 1926 vel
571 1878 670 1925 sacra
692 1855 867 1949 tetigisset
884 1855 1077 1926 :dissectas

101 1989 222 2049 aureS,
241 1969 376 2061 quibus
387 1968 626 2037 confessiones
643 1967 865 2059 excepisset:
882 1968 1076 2037 abscissum

102 2087 214 2171 caput,
224 2078 902 2173 quotumultusconcivissetsanguine
912 2079 1078 2171 martyris
1103 2107 1292 2153 unewanno
1307 2120 1348 2151 ‚u-

103 2188 375 2282 interpellante,
402 2190 553 2260 aliorum
576 2190 745 2260 misertus
771 2189 967 2269 Dominus,
997 2211 1077 2259 eum
1171 2170 1283 2227 imm·

101 2302 273 2371 scelerum
290 2302 413 2371 intime
429 2301 655 2394 poenitentes,
674 2300 732 2369 alii
750 2299 914 2393 patribus
934 2300 1079 2371 eSocie·

102 2418 169 2482 tate
179 2418 277 2495 Jesu,
297 2412 388 2483 aliie
404 2419 526 2482 nostro
540 2412 687 2492 Ordine,
704 2410 955 2481 conscientiam
970 2412 1079 2481 denu-

103 2522 255 2593 dassent.

142 2634 351 2726 Arguebant
371 2654 449 2704 eam
467 2632 592 2724 judicii
613 2631 859 2711 severitatem,
876 2636 912 2701 et
931 2629 1078 2700 vellica-

103 2744 185 2814 bant
205 2744 402 2837 gloriosum
424 2744 461 2812 in
484 2744 571 2813 orbe
594 2743 724 2812 Polono
747 2740 927 2833 losapbati
949 2761 1077 2810 nomen
1105 2761 1288 2837 mengum
1311 2777 1349 2807 a·

102 2856 293 2925 adversarii
311 2878 318 2924 :
335 2863 389 2925 tot
404 2877 468 2946 pro
482 2876 553 2925 uno
566 2852 734 2923 cecidisse
748 2852 880 2945 capital
895 2858 931 2921 et
945 2851 1077 2921 civitati
1130 2826 1251 2931 ffl‘fm
1289 2826 1349 2869 ‘⁶⁰¹'

103 2972 197 3035 tanta
218 2967 320 3036 illata
333 2965 537 3058 gravamina
556 2969 564 3033 l
582 2968 712 3035 Verum
726 2962 783 3032 cui
802 2984 872 3031 non
888 2960 1078 3054 obganniat

103 3079 283 3149 effrenata
295 3080 449 3159 malitia,
465 3079 610 3171 impune
623 3077 754 3147 habere
769 3076 891 3146 volens
904 3074 1078 3168 quidquid

103 3214 185 3261 ausa
198 3194 337 3265 fuerit?
352 3194 419 3264 Sed
441 3198 584 3287 reputet
604 3199 704 3262 tanto
722 3190 888 3273 facinore,
910 3190 947 3258 in
970 3211 1078 3282 regno

104 3306 329 3395 potissimum
359 3306 552 3386 catholieo,
587 3306 705 3374 laesam
733 3306 924 3373 humanam
947 3301 1079 3395 pariter

104 3423 208 3508 atque
227 3417 386 3488 divinam
398 3416 619 3508 majestatem
634 3438 642 3497 ;
660 3414 795 3484 medios
809 3414 916 3483 etiam
932 3411 1025 3481 inter
1038 3433 1079 3481 ac

106 3525 390 3597 abstrusissimos
418 3526 607 3606 barbaros,
641 3524 745 3617 digna
769 3522 820 3592 illi
844 3521 1079 3615 impendenda

106 3637 211 3710 luisse
224 3640 382 3734 praemia.
405 3638 574 3722 Quocirca
591 3638 675 3707 talia
691 3658 761 3707 non
774 3637 941 3728 losephat
951 3640 1079 3704 sanetae

107 3748 185 3820 fidei
198 3752 433 3832 immortuus,
453 3752 514 3820 sed
522 3750 663 3843 justitia
677 3749 789 3819 malos
803 3749 895 3818 male
907 3749 1075 3839 perdens,

107 3863 233 3955 exegit.

147 3984 247 4053 Anno
262 3982 362 4063 tono,
375 3984 514 4074 Januar.
525 3982 579 4063 28,
597 3984 641 4051 ad
655 3981 819 4051 funebria
831 3983 999 4075 iosaphat
1012 3982 1080 4051 de·-
1106 4009 1352 4066 sunuuonpnapoo

108 4100 263 4163 ventum.
275 4097 320 4167 Et
333 4092 478 4186 quidem
495 4094 632 4186 integra
644 4092 751 4162 funus
762 4092 981 4185 praecedente
995 4091 1080 4161 heb·
1185 4083 1271 4117 'lm'
