3259 5484
1004 703 1183 774 ..32-

608 857 753 949 exponit
773 857 942 950 pixidem.
961 861 1142 932 Interioris
1161 861 1258 955 adyti
1273 862 1386 944 fores,
1404 864 1572 945 utaiunt‚

607 967 721 1060 regias
731 967 893 1039 recludit.
906 970 1045 1039 Socium
1060 972 1246 1052 admonet,
1261 995 1306 1042 ne
1316 982 1573 1066 expavesceret,

334 1110 536 1184 senecionem
559 1111 580 1154 r„
607 1081 668 1149 sed
704 1080 774 1149 fixo
805 1080 842 1148 in
877 1103 974 1152 aram
1014 1083 1274 1177 Dominamque
1306 1085 1385 1155 coeli
1424 1087 1572 1167 obtutu,

404 1173 512 1229 ΜΨ·
606 1193 756 1263 orationi
788 1204 930 1266 vacaret
955 1221 963 1266 :
991 1219 1057 1268 nec
1091 1208 1350 1291 superventura
1386 1205 1575 1295 respiceret

608 1312 788 1388 monstra,
824 1314 861 1376 et
888 1316 1053 1378 eventum
1083 1311 1134 1381 rei
1167 1312 1259 1381 serio
1284 1322 1474 1404 premeret.
1502 1318 1574 1406 lpse

606 1425 702 1488 totus
734 1421 868 1490 effusus
900 1422 936 1490 in
968 1426 1079 1492 Deum
1113 1425 1295 1494 ardentius
1324 1447 1425 1494 crare
1454 1426 1571 1519 coepit.

604 1535 723 1603 hdfuit
738 1535 823 1604 bora
849 1536 1017 1629 potestati
1033 1537 1260 1607 tenebrarum
1282 1560 1388 1608 :ecce
1410 1539 1574 1608 vestibuli

604 1654 640 1718 et
655 1647 812 1717 ecclesie
828 1670 908 1717 cum
930 1650 1047 1718 sonitu
1063 1655 1211 1741 patuere
1230 1656 1342 1742 portae
1362 1675 1370 1719 :
1387 1653 1575 1721 vehemens

603 1782 820 1855 consurgens
845 1760 949 1830 turbo
984 1783 1105 1830 cereus
1136 1762 1344 1855 extinguere
1379 1763 1572 1832 adnititur:

604 1891 731 1963 magna
765 1879 1004 1940 monstrorum
1034 1872 1254 1964 frequentia,
1282 1873 1462 1943 variarum
1485 1895 1576 1966 gen-

603 1981 691 2050 tium
707 1981 832 2050 induta
849 1983 1089 2063 vestimentis,
1107 1983 1287 2076 procedit:
1305 1984 1460 2054 trahitur
1476 1993 1576 2054 cate-

602 2104 707 2168 natus
721 2099 847 2190 spiritu
859 2106 1022 2169 movente
1037 2099 1198 2193 aetbiops,
1208 2101 1451 2191 jaculantibus
1460 2103 1575 2194 ignem

601 2210 713 2279 oculis
727 2264 736 2291 ,
750 2233 856 2302 quam
876 2211 945 2279 dici
962 2218 1078 2303 potest
1093 2211 1307 2292 horribilior,
1322 2213 1576 2306 horridumque
1625 2282 1626 2321 ,

601 2328 1243 2420 strepitansferroacaeterismonstris
1253 2329 1518 2423 circumagitur.
1528 2333 1576 2400 hd

601 2439 711 2508 altare
728 2439 835 2508 etiam
851 2439 1021 2519 affluunt,
1039 2445 1076 2508 et
1090 2439 1194 2530 adyta
1208 2439 1471 2532 introspiciunt.
1489 2446 1573 2510 Tum
1625 2456 1626 2521 ξ

599 2558 787 2649 Jusaphat,
808 2557 952 2626 sinistra
964 2557 1103 2636 lumen,
1121 2557 1247 2627 dextra
1266 2558 1422 2650 pixidem
1443 2561 1573 2644 sumit,

600 2674 700 2737 extra
713 2668 858 2760 adytum
874 2668 1010 2760 prodit,
1029 2669 1219 2738 infernales
1229 2670 1392 2761 conjurat
1406 2670 1572 2750 lemures,

600 2779 766 2871 praesenti
790 2782 861 2848 Deo
878 2780 1060 2857 cederent,
1084 2779 1199 2847 lucum
1220 2800 1289 2848 non
1309 2779 1572 2871 inquietarent,

598 2891 735 2960 inferna
748 2895 923 2982 peterent.
939 2892 1069 2961 Cedere
1082 2891 1211 2960 sensim
1228 2901 1404 2972 monstra,
1420 2899 1572 2986 etpost,

600 3025 680 3073 cum
696 3003 832 3095 impetu
852 3004 986 3095 fugere.
1009 3005 1124 3094 Atque
1139 3026 1220 3072 cum
1236 3004 1395 3073 inaudito
1410 3006 1576 3075 occlusis·
1625 2994 1626 3087 l

599 3120 678 3185 sent
700 3115 838 3207 fragore
857 3114 1003 3205 januas,
1033 3115 1204 3207 templum
1229 3115 1405 3184 corruisse
1432 3115 1573 3196 visum3

599 3227 659 3295 sed
670 3225 836 3294 laterales
846 3247 915 3294 uon
927 3226 1114 3295 conclusae.
1132 3225 1267 3309 Quibus
1282 3247 1405 3294 servus
1415 3225 1477 3294 Dei
1494 3248 1575 3294 cnm
1625 3234 1626 3303 i

598 3336 717 3406 divino
733 3357 926 3428 erumpens
947 3336 983 3404 in
995 3336 1238 3406 coemeterium
1254 3335 1442 3428 praesidio,
1463 3337 1577 3405 omni·
1625 3320 1626 3409 l

598 3451 667 3519 bus
680 3449 968 3542 disparentibus,
986 3450 1134 3518 cadaver
1146 3447 1182 3515 in
1196 3447 1356 3517 scrobem
1372 3469 1451 3516 cnm
1466 3447 1576 3517 boatu
1625 3438 1626 3503 ἶ

597 3583 729 3642 rueuS,
771 3567 866 3630 terra
895 3581 972 3629 sese
1006 3581 1113 3651 super
1140 3559 1371 3638 infundente,
1407 3559 1574 3629 advertit.
1625 3548 1626 3561 ³

598 3675 727 3739 Locum
744 3669 879 3760 signat3
898 3673 1029 3737 etcum
1045 3688 1086 3736 ea
1101 3666 1144 3734 de
1160 3672 1341 3734 recertam
1358 3665 1579 3734 informatio
1625 3742 1626 3753 χ

597 3805 678 3852 uem
695 3781 920 3872 sumpsisset,
937 3779 1112 3871 sepultam
1131 3787 1213 3846 ante
1227 3777 1352 3857 isthic,
1378 3776 1499 3868 magni
1517 3779 1578 3846 sed
1625 3756 1626 3839 ?

597 3894 681 3963 mali
718 3890 872 3961 nominis
910 3889 1076 3959 feminam
1115 3886 1419 3978 impoenitentem,
1453 3887 1579 3956 accitis
1625 3900 1626 3979 3

599 4000 873 4096 vespillonibus,
889 3998 966 4070 erui
978 4006 1081 4069 nocte
1099 3999 1210 4068 altera
1225 3996 1371 4067 cadaver
1385 4004 1421 4066 et
1435 3997 1472 4065 in
1489 4021 1582 4068 cam·
1625 3984 1626 4075 l

598 4116 652 4209 pis
681 4113 797 4184 defodi
831 4114 985 4183 mandat.
1012 4113 1068 4180 Sic
1088 4111 1225 4180 reddita
1250 4109 1425 4178 universis
1450 4112 1577 4202 quies,
