3259 5484
455 713 656 782 -167-

90 884 135 945 per
152 867 320 947 palatinum
342 870 594 945 Vitebsceusem,
614 872 702 936 illam
718 893 776 936 nce
790 875 949 955 tangendo
964 894 1045 957 pau-

88 974 197 1053 peribus
226 977 258 1037 in
281 977 506 1053 xenodochiis,
528 981 708 1044 carceribus
731 982 863 1063 aliisque
887 984 946 1065 piis
970 984 1047 1045 locis

88 1087 170 1142 totam
182 1081 370 1144 distribuere
382 1084 591 1145 consuevisse.
606 1085 824 1149 cathedralem
846 1087 1046 1149 Poloeensern

87 1182 231 1247 ecclesiam
251 1184 395 1266 plurium
421 1185 558 1248 millium
583 1197 712 1270 sumptu
734 1186 870 1251 absolvit
889 1198 920 1250 et
942 1188 1005 1250 sere
1029 1206 1048 1249 a

88 1287 283 1356 fundamentis
295 1294 503 1366 restauravit,
522 1311 559 1355 ae
580 1292 767 1355 monialium
780 1292 811 1353 S.
827 1292 933 1353 Basilii
952 1292 1046 1354 Polo-

87 1390 132 1452 ciae
154 1396 378 1458 monasterium
389 1396 505 1468 erexit,
520 1403 555 1459 nt
567 1397 657 1457 aiunt
668 1404 760 1457 testes
773 1400 792 1457 a
807 1444 814 1467 ‚
831 1400 881 1468 66,
897 1399 937 1457 68
951 1402 981 1455 et
994 1398 1043 1458 ll.

88 1494 115 1555 ln
127 1499 371 1579 eousangnineos
385 1518 460 1562 vero
473 1500 552 1563 adeo
567 1500 734 1562 continens
745 1509 776 1560 et
793 1516 907 1579 parcus
922 1496 995 1570 luit,
1013 1506 1048 1559 ut

87 1597 241 1679 aliquando
262 1622 322 1683 pro
344 1603 428 1666 datis
448 1604 537 1665 alteri
561 1621 671 1665 eornm
688 1600 897 1684 quadraginta
919 1600 1047 1662 llorenis

86 1696 225 1776 doluerit,
253 1704 341 1785 quod
356 1705 389 1766 in
405 1723 561 1787 pauperes
572 1705 677 1787 potius
691 1722 755 1766 non
771 1702 995 1774 distribuisset,
1011 1710 1047 1764 ut

86 1799 199 1882 deponit
212 1808 299 1869 testis
313 1807 457 1869 decimus
471 1807 612 1888 quintus.

116 1916 184 1981 lura
206 1921 430 1992 ecclesiarum,
457 1938 598 1982 necnon
619 1920 829 2000 episcopalem
842 1915 1046 2003 jurisdictio-

86 2039 145 2082 uenr
163 2024 365 2083 vehementer
390 2030 508 2083 tutatus
530 2030 596 2092 est,
625 2021 772 2101 bonaque
796 2020 1005 2083 ecclesiastica
1029 2040 1048 2083 a

86 2126 264 2188 secularibus
279 2133 433 2206 usurpata
444 2124 614 2186 vindicarit
627 2174 634 2195 ,
649 2128 684 2185 nt
696 2136 838 2186 asserunt
851 2130 971 2186 testesl
991 2124 1047 2204 qni

88 2235 125 2287 cst
137 2247 300 2310 supremus
311 2227 408 2308 juder
424 2227 572 2300 Polociae,
592 2232 632 2288 68
653 2227 707 2307 qui
730 2236 776 2287 est
792 2227 1048 2308 archiepiscopus

86 2325 264 2400 Poloeensis,
283 2334 319 2390 71
344 2338 375 2389 et
393 2334 450 2392 tos
470 2328 525 2410 qui
539 2328 696 2401 subdunt,
713 2329 791 2390 olim
810 2328 1048 2409 archiepiscopo

86 2427 219 2510 losaphat
247 2431 354 2493 oblata
381 2430 475 2492 luisse
498 2450 516 2492 a
541 2430 748 2492 schismaticis
772 2430 900 2508 triginta
925 2430 1048 2491 circiter
1098 2412 1102 2421 ⁸

86 2531 171 2595 millia
194 2537 411 2606 florenorum,
431 2543 466 2595 ut
480 2533 595 2595 sineret
609 2533 726 2614 praelici
741 2532 883 2611 regimini
900 2532 1047 2594 ecclesia-

86 2651 144 2698 rum
156 2640 354 2721 presbyteros
369 2638 585 2701 schismaticos
599 2659 607 2712 ;
623 2656 720 2718 quarn
735 2637 918 2716 sacrilegam
933 2637 1047 2719 implo-

85 2754 143 2800 rum
152 2742 338 2822 petitionem
347 2740 415 2801 risit
425 2738 1047 2828 archiepiscopus,inquiens‚animarnm

85 2841 180 2919 salute,
205 2863 271 2907 non
288 2844 424 2926 pecunia
438 2844 496 2905 sibi
512 2862 594 2925 opus
605 2862 693 2917 esse,
716 2851 747 2906 et
767 2842 887 2906 donum
912 2843 1048 2925 Spiritus

85 2946 168 3006 sancti
180 2945 277 3009 rendi
291 2964 357 3008 non
370 2945 495 3007 debere.

116 3052 263 3117 Maximus
290 3054 350 3118 luit
375 3056 562 3135 evangelicae
586 3054 725 3118 veritatis
753 3063 783 3115 et
818 3054 970 3127 unitatis,
1010 3072 1046 3116 ae

86 3154 224 3231 primatus
250 3157 399 3221 Romanae
417 3156 580 3219 catholicae
603 3156 748 3218 Ecclesiae
768 3162 984 3238 propugnator
1011 3173 1047 3216 ae

86 3272 187 3334 praeco,
199 3269 231 3322 et
245 3262 278 3321 in
292 3260 491 3342 reprimenda
502 3260 722 3322 hereticorum
732 3268 762 3320 et
774 3257 1046 3320 schismaticorum

86 3361 220 3436 pertidia,
235 3364 292 3443 qni
304 3382 467 3425 summum
482 3364 654 3444 praesertim
671 3362 847 3425 Romanum
864 3362 1046 3424 Pontificem

86 3466 111 3516 et
126 3465 283 3540 potestatis
305 3465 372 3546 ejus
397 3464 626 3545 plenitudinem
649 3464 871 3527 audacioribus
892 3464 1047 3543 urgebant

86 3563 239 3629 calumniis
251 3578 281 3629 ct
296 3568 436 3650 probris,
459 3569 489 3629 in
506 3568 623 3630 coelum
644 3578 797 3650 ponentes
820 3585 855 3629 os
878 3586 992 3640 suum,
1015 3575 1046 3628 et

85 3660 227 3729 Christum
243 3670 415 3731 Dominum
429 3669 651 3743 dilacerantes,
673 3679 767 3750 atque
782 3670 814 3729 in
832 3686 942 3731 eorum
965 3686 1045 3730 con-

86 3769 212 3832 versione
225 3781 256 3833 et
273 3773 493 3851 aggregatione
512 3772 551 3834 ad
571 3773 724 3834 unitatem
745 3772 934 3834 catholicam
955 3790 1045 3851 egre-

87 3863 159 3939 giam
170 3873 297 3933 navavit
311 3890 451 3953 operam.
464 3873 553 3934 Unde
560 3882 591 3933 et
601 3873 633 3933 in
644 3873 727 3935 hane
737 3890 865 3934 causam
877 3871 1045 3953 saepissime

87 3969 336 4046 concionabatur,
355 3982 386 4035 et
407 3974 529 4036 assidue
551 3973 734 4056 disputabat
757 3992 815 4055 pro
840 3973 976 4047 unione,
1005 3972 1044 4034 ad

86 4082 169 4142 quarn
197 4075 412 4137 schismaticos
440 4084 510 4156 post
539 4075 766 4158 disputationes
795 4074 921 4137 blandis
950 4076 1045 4136 etiarn

88 4168 176 4233 verbis
190 4185 220 4236 et
244 4176 333 4238 libris
352 4177 515 4239 catholicis
538 4176 654 4239 eisdem
676 4176 873 4250 distributis,
900 4195 1044 4241 revocare
