3259 5484
1006 694 1185 765 ...80-

609 865 689 927 ture.
712 855 847 939 Quibus
872 855 1001 926 auditis
1023 855 1075 923 vir
1101 855 1160 926 ille
1187 855 1371 948 egregius,
1402 878 1473 926 non
1501 877 1573 924 am-

609 969 704 1061 plius
718 968 834 1038 virum
850 968 911 1039 Dei
925 967 1142 1049 molestavit,
1160 969 1222 1037 sed
1241 967 1330 1038 llens
1349 990 1369 1037 a
1388 968 1506 1043 flente.
1522 967 1573 1037 ul-

610 1080 736 1149 timum
753 1079 820 1149 sibi
838 1087 988 1172 uterquc
1010 1079 1219 1161 valedicens,
1242 1078 1415 1148 discessit.

349 1214 488 1270 summ
509 1220 569 1271 „aa
653 1195 697 1261 Et
720 1190 888 1283 quoniam
905 1189 1084 1282 sepulchri
1100 1210 1163 1282 per
1176 1196 1402 1259 transennam
1420 1187 1572 1257 memini·

381 1282 537 1321 'mm'
610 1323 711 1381 mus,
734 1300 912 1371 accinctus
938 1300 992 1369 vir
1020 1300 1081 1371 Dei
1107 1299 1227 1372 itineri
1251 1298 1489 1379 Vitehsccnsi,
1513 1319 1572 1366 non

611 1411 687 1483 sine
701 1411 810 1480 divini
826 1411 982 1481 numinis
1002 1410 1189 1491 instinctu,
1214 1411 1316 1504 quasi
1340 1412 1470 1483 futurae
1486 1431 1573 1503 prae-

611 1526 822 1606 sciusnecis‚
833 1525 1096 1619 sepulchretum
1113 1523 1180 1594 sibi
1192 1531 1319 1617 apatre
1328 1522 1478 1593 familias
1490 1522 1525 1591 in
1535 1522 1573 1588 la-

612 1645 687 1707 tere
708 1636 834 1705 dextro
855 1635 1054 1705 Polccensis
1077 1634 1252 1715 basilica,
1289 1640 1435 1726 propter
1451 1635 1570 1709 altare,

611 1746 772 1817 excavari
802 1746 993 1815 mandavit.
1018 1749 1066 1815 De
1093 1766 1163 1837 quo
1184 1754 1413 1836 posteaquam
1429 1741 1573 1814 Vitcbsci

611 1858 732 1951 paucis
755 1866 837 1928 ante
857 1866 1007 1928 mortem
1026 1858 1151 1927 diebus
1175 1856 1339 1929 rescisset
1353 1867 1495 1950 parato,
1512 1854 1572 1923 sin·

611 1975 726 2069 gulari
739 1977 891 2068 quadam
908 1974 1032 2045 laetitia
1053 1976 1236 2067 perfusum
1251 1974 1370 2045 videre
1386 1994 1523 2043 omnes.

338 2132 585 2189 mmmm„
656 2092 697 2156 Et
714 2086 787 2178 jam
812 2087 955 2157 fatalem
986 2086 1122 2157 Polocia
1146 2086 1348 2173 Vitehscum
1373 2107 1573 2155 ascensurus

388 2195 443 2238 ‘⁶⁵¹¹'
454 2196 536 2238 m·
612 2219 773 2278 currum,
792 2196 1029 2290 ultimumque
1044 2219 1142 2267 suam
1157 2197 1297 2268 visurus
1310 2198 1523 2277 cathedram,
1537 2194 1573 2262 ad

612 2309 723 2380 altare
737 2310 896 2381 constitit
912 2334 919 2380 :
935 2311 996 2380 ubi
1016 2332 1133 2381 coram
1150 2311 1270 2403 judice
1292 2317 1435 2391 aternu,
1458 2317 1497 2379 et
1509 2330 1574 2378 cor·

611 2421 709 2491 dium
732 2423 931 2515 inspectore
946 2428 1028 2499 Deo.
1045 2430 1264 2493 sacramento
1289 2447 1326 2495 se
1346 2422 1570 2515 obstringens,
1619 2434 1621 2439 ’

612 2532 681 2614 ait,
709 2534 867 2626 perbelle
901 2535 967 2604 sibi
998 2536 1042 2607 de
1070 2535 1372 2606 schismaticorum
1406 2536 1442 2603 in
1477 2541 1573 2627 caput

613 2662 715 2710 suum
741 2650 903 2713 constare
926 2644 1248 2736 conjurationibus3
1275 2644 1424 2737 ideoque
1444 2645 1488 2713 ad
1509 2666 1572 2714 cer·

613 2757 683 2819 tam
705 2759 856 2823 mortem
877 2776 940 2846 pro
960 2754 1098 2825 Christo
1122 2755 1358 2837 subeundam,
1381 2756 1571 2827 Vitehscum

613 2862 775 2932 laetanter
804 2866 1007 2955 procedere.
1050 2870 1092 2935 Et
1126 2866 1344 2958 trepidantes
1372 2866 1573 2936 domesticos

613 2972 747 3042 solatus
776 2973 889 3043 edixit
921 2998 928 3043 :
964 2976 993 3047 si
1022 2975 1108 3068 quid
1133 2975 1287 3047 Vitehsci
1315 2977 1491 3050 futurum.
1516 2976 1572 3043 sibi

614 3086 774 3155 futurum
790 3088 986 3157 :neminem
999 3089 1108 3157 alium
1119 3089 1338 3159 cadendum.

339 3224 583 3271 oriundum„
656 3197 871 3291 Sacrilegum
887 3206 1117 3291 posteaquam
1137 3199 1344 3271 accessisset
1358 3199 1569 3276 Vitehscum‚

389 3289 530 3331 ⁰⁰”⁰¹⁰⁰'¹”⁸'
612 3309 754 3379 octiduo
771 3317 852 3379 ante
868 3310 1035 3379 immania
1049 3310 1104 3379 sui
1120 3310 1206 3391 lata,
1226 3332 1324 3380 sacra
1346 3312 1572 3379 conscendens

612 3428 746 3503 rostra,
773 3444 880 3513 super
905 3421 992 3491 illud
1017 3421 1188 3513 euangelii
1215 3421 1408 3509 (festivitas
1433 3443 1475 3491 ea
1507 3421 1571 3489 lucc

606 3556 639 3611 s.
664 3533 829 3626 martyris
849 3533 1017 3603 Demetrii
1033 3534 1184 3622 luerat):
1207 3533 1461 3618 Vestinorum
1479 3532 1572 3599 omna

611 3647 670 3735 qui
697 3648 852 3735 interficit
877 3668 941 3731 uos,
973 3646 1150 3715 arbitretur
1172 3666 1204 3713 se
1226 3646 1410 3737 obsequium
1429 3653 1573 3735 proestare

611 3758 699 3841 Deo‚·
714 3780 912 3828 sermonem
928 3758 971 3826 ad
986 3757 1178 3850 parricidas
1202 3757 1333 3827 direxi-t
1351 3781 1363 3827 .·
1388 3758 1447 3826 Vos
1459 3779 1506 3825 uu
1519 3756 1572 3823 Vi-

611 3870 779 3939 tehsceuses
802 3872 846 3938 ud
871 3880 1005 3939 mortem
1029 3871 1191 3959 quaeritiis
1213 3894 1224 3938 .·
1246 3871 1283 3937 iu
1306 3870 1515 3956 fluminibus,
1544 3868 1572 3933 iu

607 3983 783 4070 pultibus,
813 3984 849 4051 iu
870 3982 956 4067 viu.
980 3984 1018 4051 iu
1038 3982 1225 4051 ciuitatibus
1251 3983 1395 4049 iusidias
1427 3982 1571 4057 struitis:

610 4108 676 4155 ecce
702 4109 753 4155 me
779 4096 889 4177 spoule
922 4090 967 4157 ud
1004 4110 1055 4156 uos
1085 4089 1208 4158 uouisse
1238 4089 1354 4158 uidetis
1376 4112 1388 4159 :
1412 4098 1449 4157 ut
1473 4087 1573 4156 scietis
