3259 5484
459 685 659 755 ...105-

82 860 165 907 rum.
190 840 314 910 (laeteri
334 843 534 911 sacerdotes
556 843 631 912 solo
654 842 773 912 vestiti
796 843 920 913 habitu
939 866 1044 936 quam

81 953 217 1044 plurimi
240 954 497 1046 praecedebant.
517 959 647 1023 Horum
665 954 874 1047 premebant
898 955 1045 1047 vestigia

80 1088 119 1134 ex
132 1068 255 1136 eodem
278 1067 372 1136 clero
393 1066 452 1135 alii
475 1066 709 1135 nobilioribus
728 1066 843 1135 induti
857 1066 1046 1137 vestimen-

77 1178 119 1247 tis
133 1202 140 1246 :
153 1184 188 1247 et
200 1179 355 1247 oilieium
368 1179 559 1271 linteaque,
576 1180 687 1249 serico
696 1186 732 1249 et
742 1201 828 1249 auro
839 1180 1041 1254 intertexta.

77 1292 153 1382 quia
177 1291 342 1383 sanguini
366 1292 531 1383 martyris
550 1292 736 1371 immersa,
764 1291 867 1383 longe
891 1290 1045 1384 splendi-

76 1402 167 1472 diora
181 1402 346 1472 ferebant
365 1426 372 1470 :
391 1402 450 1470 alii
466 1404 568 1472 funes
583 1425 738 1484 erassoS,
754 1402 960 1494 lapidesque
972 1424 1042 1471 non

76 1516 173 1584 unius
186 1514 255 1584 viri
271 1515 431 1608 pondus,
450 1515 625 1584 distinctis
639 1516 824 1585 ordinibus
843 1514 1040 1609 gestabant.

75 1631 200 1718 Corpus
215 1626 377 1718 sexijugo
389 1625 586 1695 vehebatur
599 1649 726 1707 eurru,
742 1650 849 1719 super
865 1626 1041 1696 attalicum

74 1741 213 1811 rubeam
239 1740 426 1809 materiem
454 1740 556 1832 longe
581 1740 722 1831 lateque
747 1740 931 1818 diffusam,
961 1760 1041 1807 eum

74 1855 180 1924 loculo
196 1877 380 1948 purpureo
394 1877 511 1947 panno
527 1855 691 1935 obducta,
705 1856 918 1947 depositum.
945 1843 1042 1937 Quod

73 1968 198 2048 laoileri
225 1968 262 2035 in
291 1967 411 2037 rubeis
437 1968 569 2060 eopiosi
594 1968 773 2048 vestibus,
797 1968 915 2037 rubris
935 1968 1041 2038 etiam

73 2077 222 2146 accensis
234 2075 385 2155 facibus
399 2075 676 2145 circumdabant.
690 2076 900 2145 blateribus
911 2076 1041 2144 milites

72 2210 228 2259 areenses
252 2194 415 2268 eentum,
444 2188 566 2258 itidem
586 2188 705 2257 rubris
727 2189 840 2258 induti
856 2190 1042 2259 vestimen-

72 2302 131 2381 tu,
155 2325 237 2373 eum
258 2301 367 2371 armis
379 2301 601 2371 incedebant.
628 2306 775 2370 Currum
799 2302 1040 2394 sequebantur

72 2435 144 2481 oum
159 2414 367 2494 nobilitate,
400 2420 436 2484 et
459 2413 593 2505 ingenti
617 2414 865 2495 multitudine,
893 2414 1041 2484 nonnul-

72 2526 177 2620 lisque
204 2551 223 2597 e
246 2528 343 2597 elero
364 2526 400 2595 in
423 2526 693 2618 pretiosioribus
715 2527 862 2607 casulis,
890 2528 959 2596 duo
984 2549 1039 2594 ar-

73 2639 307 2732 rlriepiseopi,
337 2644 374 2708 et
408 2638 617 2730 episeopus,
651 2638 766 2731 pretio
802 2660 1035 2717 coronarum,

71 2752 250 2842 splendore
281 2758 569 2821 ornamentorum
598 2751 827 2843 relulgentes.
859 2755 1038 2844 Ingressos

71 2885 178 2935 arcem
203 2873 241 2936 et
265 2865 447 2935 eeclesiam
475 2865 600 2935 bellica
622 2871 818 2946 tormenta,
836 2885 1035 2957 campana,

72 2984 262 3069 cantusque
283 2983 449 3046 sonantes
465 2977 674 3046 salutavere.
691 2976 852 3045 Eeelesiae
866 2975 1035 3067 parieteS,

70 3106 142 3153 eum
165 3087 365 3167 columnis,
393 3108 456 3155 acu
482 3086 586 3178 pietis
612 3085 733 3155 aulaeis
759 3087 802 3155 ad
830 3085 1035 3179 sanguinem

70 3198 228 3290 martyris
261 3198 527 3267 accommodati.
550 3199 772 3269 'Mausoleum
805 3196 1037 3289 amplitudine

70 3307 254 3389 eximium,
274 3308 389 3378 eolore
412 3329 483 3378 non
497 3308 632 3401 dispar,
650 3308 783 3402 ignium
809 3306 1036 3377 multitudine

69 3417 245 3503 praedives.
274 3421 312 3485 ln
341 3417 442 3509 eujus
463 3418 622 3509 deposita
655 3419 770 3488 medio
797 3440 874 3487 eum
901 3416 1038 3488 exuviis

69 3528 169 3597 saeris
185 3528 331 3608 tumba,
350 3528 507 3597 omnium
527 3528 683 3598 ornatior
695 3528 927 3620 resplenduit.
949 3532 1035 3597 Tum

67 3658 180 3727 graecae
223 3640 413 3731 latinaeque
453 3640 573 3709 laudes
618 3640 653 3708 in
685 3646 888 3731 martyrem,
921 3641 1036 3710 soluta

68 3749 219 3820 oratione
251 3751 408 3842 prolatae.
440 3753 615 3842 Iosephus
636 3751 922 3844 archiepiscopus
954 3773 1034 3821 oum

68 3859 138 3928 aliis
163 3884 266 3932 saera
287 3869 474 3954 operatuS,
504 3864 658 3933 suaviter
681 3871 869 3935 resonante
893 3864 1034 3935 musicae

68 3975 190 4045 vocalis
226 3977 448 4068 symphonia.
491 3982 735 4069 Spectatorum
763 3987 799 4048 et
833 3979 1032 4050 auditorum
1096 4056 1099 4063 ⁴

68 4086 161 4176 eopia
174 4087 310 4180 templo
325 4088 453 4180 major;
470 4090 691 4159 sacerdotum
706 4090 897 4161 multitudo
911 4093 1033 4161 ruthe-
