<?xml version="1.0" encoding="UTF-8"?>
<!DOCTYPE html PUBLIC "-//W3C//DTD XHTML 1.0 Transitional//EN"
    "http://www.w3.org/TR/xhtml1/DTD/xhtml1-transitional.dtd">
<html xmlns="http://www.w3.org/1999/xhtml" xml:lang="en" lang="en">
 <head>
  <title>
</title>
<meta http-equiv="Content-Type" content="text/html;charset=utf-8" />
  <meta name='ocr-system' content='tesseract 3.04.00' />
  <meta name='ocr-capabilities' content='ocr_page ocr_carea ocr_par ocr_line ocrx_word'/>
</head>
<body>
  <div class='ocr_page' id='page_1' title='image "./cursusvitetcert00martgoog_0051.png"; bbox 0 0 3259 5484; ppageno 0'>
   <div class='ocr_carea' id='block_1_1' title="bbox 443 720 622 791">
    <p class='ocr_par' dir='ltr' id='par_1_1' title="bbox 443 720 622 791">
     <span class='ocr_line' id='line_1_1' title="bbox 443 720 622 791; baseline 0.011 -17"><span class='ocrx_word' id='word_1_1' title='bbox 443 720 622 791; x_wconf 64' lang='lat'>..27-</span> 
     </span>
    </p>
   </div>
   <div class='ocr_carea' id='block_1_2' title="bbox 44 886 1024 4240">
    <p class='ocr_par' dir='ltr' id='par_1_2' title="bbox 44 886 1024 4240">
     <span class='ocr_line' id='line_1_2' title="bbox 46 886 1016 981; baseline 0.001 -25"><span class='ocrx_word' id='word_1_2' title='bbox 46 887 184 968; x_wconf 82' lang='lat' dir='ltr'>afferre,</span> <span class='ocrx_word' id='word_1_3' title='bbox 213 889 354 981; x_wconf 86' lang='lat' dir='ltr'>pulsare</span> <span class='ocrx_word' id='word_1_4' title='bbox 383 889 426 958; x_wconf 88' lang='lat' dir='ltr'>nd</span> <span class='ocrx_word' id='word_1_5' title='bbox 449 887 650 967; x_wconf 87' lang='lat' dir='ltr'>ecelesiam,</span> <span class='ocrx_word' id='word_1_6' title='bbox 681 908 831 979; x_wconf 86' lang='lat' dir='ltr'>eamque</span> <span class='ocrx_word' id='word_1_7' title='bbox 857 886 1016 980; x_wconf 89' lang='lat' dir='ltr'>aperire,</span> 
     </span>
     <span class='ocr_line' id='line_1_3' title="bbox 45 997 1019 1091; baseline 0.001 -26"><span class='ocrx_word' id='word_1_8' title='bbox 45 1020 167 1068; x_wconf 89' lang='lat' dir='ltr'>canere</span> <span class='ocrx_word' id='word_1_9' title='bbox 181 999 219 1067; x_wconf 90' lang='lat' dir='ltr'>in</span> <span class='ocrx_word' id='word_1_10' title='bbox 235 1000 363 1079; x_wconf 90' lang='lat' dir='ltr'>choro,</span> <span class='ocrx_word' id='word_1_11' title='bbox 381 1005 417 1069; x_wconf 90' lang='lat' dir='ltr'>et</span> <span class='ocrx_word' id='word_1_12' title='bbox 432 998 554 1069; x_wconf 78' lang='lat' dir='ltr'>reditui</span> <span class='ocrx_word' id='word_1_13' title='bbox 579 999 674 1070; x_wconf 88' lang='lat' dir='ltr'>vices</span> <span class='ocrx_word' id='word_1_14' title='bbox 696 1019 821 1091; x_wconf 85' lang='lat' dir='ltr'>agere,</span> <span class='ocrx_word' id='word_1_15' title='bbox 839 997 1019 1068; x_wconf 85' lang='lat' dir='ltr'>exhortari</span> 
     </span>
     <span class='ocr_line' id='line_1_4' title="bbox 46 1109 1021 1200; baseline 0.002 -23"><span class='ocrx_word' id='word_1_16' title='bbox 46 1115 205 1200; x_wconf 77' lang='lat' dir='ltr'>tyroneS,</span> <span class='ocrx_word' id='word_1_17' title='bbox 233 1110 397 1180; x_wconf 88' lang='lat' dir='ltr'>meditari</span> <span class='ocrx_word' id='word_1_18' title='bbox 417 1132 497 1180; x_wconf 90' lang='lat' dir='ltr'>cum</span> <span class='ocrx_word' id='word_1_19' title='bbox 520 1110 589 1179; x_wconf 89' lang='lat' dir='ltr'>illis</span> <span class='ocrx_word' id='word_1_20' title='bbox 613 1109 847 1180; x_wconf 80' lang='lat' dir='ltr'><strong>consueverit.</strong></span> <span class='ocrx_word' id='word_1_21' title='bbox 868 1112 937 1180; x_wconf 88' lang='lat' dir='ltr'>Nec</span> <span class='ocrx_word' id='word_1_22' title='bbox 956 1132 1021 1179; x_wconf 91' lang='lat' dir='ltr'>un·</span> 
     </span>
     <span class='ocr_line' id='line_1_5' title="bbox 45 1220 1019 1314; baseline 0 -25"><span class='ocrx_word' id='word_1_23' title='bbox 45 1243 147 1312; x_wconf 88' lang='lat' dir='ltr'>quam</span> <span class='ocrx_word' id='word_1_24' title='bbox 159 1221 347 1302; x_wconf 81' lang='lat' dir='ltr'>sustinuit,</span> <span class='ocrx_word' id='word_1_25' title='bbox 368 1221 455 1314; x_wconf 90' lang='lat' dir='ltr'>quin</span> <span class='ocrx_word' id='word_1_26' title='bbox 465 1221 560 1291; x_wconf 91' lang='lat' dir='ltr'>domi</span> <span class='ocrx_word' id='word_1_27' title='bbox 576 1222 748 1313; x_wconf 87' lang='lat' dir='ltr'>forisque,</span> <span class='ocrx_word' id='word_1_28' title='bbox 768 1226 872 1292; x_wconf 90' lang='lat' dir='ltr'>nocte</span> <span class='ocrx_word' id='word_1_29' title='bbox 890 1220 1019 1312; x_wconf 86' lang='lat' dir='ltr'>dieque</span> 
     </span>
     <span class='ocr_line' id='line_1_6' title="bbox 45 1330 1020 1425; baseline -0.001 -24"><span class='ocrx_word' id='word_1_30' title='bbox 45 1332 261 1424; x_wconf 80' lang='lat' dir='ltr'>excipiendis</span> <span class='ocrx_word' id='word_1_31' title='bbox 276 1333 558 1402; x_wconf 81' lang='lat' dir='ltr'>confessionibus</span> <span class='ocrx_word' id='word_1_32' title='bbox 575 1332 793 1425; x_wconf 80' lang='lat' dir='ltr'>invigilaret,</span> <span class='ocrx_word' id='word_1_33' title='bbox 816 1353 897 1402; x_wconf 89' lang='lat' dir='ltr'>cum</span> <span class='ocrx_word' id='word_1_34' title='bbox 913 1330 1020 1401; x_wconf 89' lang='lat' dir='ltr'>schis-</span> 
     </span>
     <span class='ocr_line' id='line_1_7' title="bbox 45 1445 1016 1540; baseline 0.001 -27"><span class='ocrx_word' id='word_1_35' title='bbox 45 1446 179 1516; x_wconf 89' lang='lat' dir='ltr'>maticis</span> <span class='ocrx_word' id='word_1_36' title='bbox 193 1445 232 1516; x_wconf 94' lang='lat' dir='ltr'>in</span> <span class='ocrx_word' id='word_1_37' title='bbox 247 1447 323 1516; x_wconf 88' lang='lat' dir='ltr'>dies</span> <span class='ocrx_word' id='word_1_38' title='bbox 338 1453 578 1528; x_wconf 83' lang='lat' dir='ltr'>conuerteret,</span> <span class='ocrx_word' id='word_1_39' title='bbox 592 1447 830 1540; x_wconf 87' lang='lat' dir='ltr'>pauperibus,</span> <span class='ocrx_word' id='word_1_40' title='bbox 851 1446 1016 1538; x_wconf 72' lang='lat' dir='ltr'>egrotis,</span> 
     </span>
     <span class='ocr_line' id='line_1_8' title="bbox 44 1556 1017 1650; baseline 0.004 -28"><span class='ocrx_word' id='word_1_41' title='bbox 44 1556 268 1626; x_wconf 77' lang='lat' dir='ltr'>incarceratis</span> <span class='ocrx_word' id='word_1_42' title='bbox 283 1557 491 1638; x_wconf 79' lang='lat' dir='ltr'>inserviret,</span> <span class='ocrx_word' id='word_1_43' title='bbox 510 1558 746 1650; x_wconf 89' lang='lat' dir='ltr'>omnibusque</span> <span class='ocrx_word' id='word_1_44' title='bbox 771 1558 889 1628; x_wconf 88' lang='lat' dir='ltr'>omnia</span> <span class='ocrx_word' id='word_1_45' title='bbox 904 1559 1017 1638; x_wconf 89' lang='lat' dir='ltr'>fieret,</span> 
     </span>
     <span class='ocr_line' id='line_1_9' title="bbox 45 1670 1021 1763; baseline 0.004 -27"><span class='ocrx_word' id='word_1_46' title='bbox 45 1674 82 1736; x_wconf 91' lang='lat' dir='ltr'>ut</span> <span class='ocrx_word' id='word_1_47' title='bbox 99 1690 223 1739; x_wconf 90' lang='lat' dir='ltr'>omnes</span> <span class='ocrx_word' id='word_1_48' title='bbox 246 1670 360 1739; x_wconf 89' lang='lat' dir='ltr'>salvos</span> <span class='ocrx_word' id='word_1_49' title='bbox 372 1671 515 1740; x_wconf 89' lang='lat' dir='ltr'>faceret.</span> <span class='ocrx_word' id='word_1_50' title='bbox 535 1675 748 1763; x_wconf 89' lang='lat' dir='ltr'>Perpetuum</span> <span class='ocrx_word' id='word_1_51' title='bbox 765 1693 849 1742; x_wconf 89' lang='lat' dir='ltr'>sane</span> <span class='ocrx_word' id='word_1_52' title='bbox 862 1671 1021 1740; x_wconf 85' lang='lat' dir='ltr'>miracu-</span> 
     </span>
     <span class='ocr_line' id='line_1_10' title="bbox 45 1780 1020 1875; baseline 0.006 -28"><span class='ocrx_word' id='word_1_53' title='bbox 45 1780 114 1848; x_wconf 90' lang='lat' dir='ltr'>lum</span> <span class='ocrx_word' id='word_1_54' title='bbox 129 1782 216 1862; x_wconf 86' lang='lat' dir='ltr'>luit,</span> <span class='ocrx_word' id='word_1_55' title='bbox 229 1805 318 1852; x_wconf 89' lang='lat' dir='ltr'>eum</span> <span class='ocrx_word' id='word_1_56' title='bbox 344 1806 453 1853; x_wconf 92' lang='lat' dir='ltr'>unum</span> <span class='ocrx_word' id='word_1_57' title='bbox 474 1789 527 1852; x_wconf 89' lang='lat' dir='ltr'>tot</span> <span class='ocrx_word' id='word_1_58' title='bbox 546 1790 583 1854; x_wconf 88' lang='lat' dir='ltr'>et</span> <span class='ocrx_word' id='word_1_59' title='bbox 597 1789 694 1852; x_wconf 93' lang='lat' dir='ltr'>tanta</span> <span class='ocrx_word' id='word_1_60' title='bbox 710 1783 831 1853; x_wconf 90' lang='lat' dir='ltr'>munia</span> <span class='ocrx_word' id='word_1_61' title='bbox 845 1781 944 1854; x_wconf 91' lang='lat' dir='ltr'>obire</span> <span class='ocrx_word' id='word_1_62' title='bbox 959 1804 1020 1875; x_wconf 91' lang='lat' dir='ltr'>po-</span> 
     </span>
     <span class='ocr_line' id='line_1_11' title="bbox 46 1889 1021 1985; baseline 0.003 -28"><span class='ocrx_word' id='word_1_63' title='bbox 46 1889 163 1960; x_wconf 89' lang='lat' dir='ltr'>tuisse.</span> <span class='ocrx_word' id='word_1_64' title='bbox 177 1895 263 1973; x_wconf 89' lang='lat' dir='ltr'>Quae</span> <span class='ocrx_word' id='word_1_65' title='bbox 279 1913 359 1960; x_wconf 90' lang='lat' dir='ltr'>cum</span> <span class='ocrx_word' id='word_1_66' title='bbox 372 1891 448 1984; x_wconf 92' lang='lat' dir='ltr'>jugi</span> <span class='ocrx_word' id='word_1_67' title='bbox 464 1892 580 1961; x_wconf 87' lang='lat' dir='ltr'>cordis</span> <span class='ocrx_word' id='word_1_68' title='bbox 595 1891 729 1972; x_wconf 86' lang='lat' dir='ltr'>laetitia,</span> <span class='ocrx_word' id='word_1_69' title='bbox 747 1914 828 1963; x_wconf 89' lang='lat' dir='ltr'>eum</span> <span class='ocrx_word' id='word_1_70' title='bbox 850 1891 1021 1985; x_wconf 77' lang='lat' dir='ltr'>praeclara</span> 
     </span>
     <span class='ocr_line' id='line_1_12' title="bbox 44 2000 1021 2096; baseline 0.007 -30"><span class='ocrx_word' id='word_1_71' title='bbox 44 2000 78 2068; x_wconf 92' lang='lat' dir='ltr'>in</span> <span class='ocrx_word' id='word_1_72' title='bbox 99 2001 207 2072; x_wconf 90' lang='lat' dir='ltr'>rebus</span> <span class='ocrx_word' id='word_1_73' title='bbox 228 2004 434 2094; x_wconf 87' lang='lat' dir='ltr'>prudentia,</span> <span class='ocrx_word' id='word_1_74' title='bbox 457 2025 537 2074; x_wconf 90' lang='lat' dir='ltr'>curn</span> <span class='ocrx_word' id='word_1_75' title='bbox 553 2004 721 2096; x_wconf 85' lang='lat' dir='ltr'>singulari</span> <span class='ocrx_word' id='word_1_76' title='bbox 741 2004 900 2074; x_wconf 89' lang='lat' dir='ltr'>omnium</span> <span class='ocrx_word' id='word_1_77' title='bbox 920 2004 1021 2073; x_wconf 87' lang='lat' dir='ltr'>satis·</span> 
     </span>
     <span class='ocr_line' id='line_1_13' title="bbox 45 2113 1019 2206; baseline 0.003 -27"><span class='ocrx_word' id='word_1_78' title='bbox 45 2113 192 2184; x_wconf 86' lang='lat' dir='ltr'>factione</span> <span class='ocrx_word' id='word_1_79' title='bbox 215 2115 479 2206; x_wconf 84' lang='lat' dir='ltr'>exequebatur3</span> <span class='ocrx_word' id='word_1_80' title='bbox 510 2124 549 2185; x_wconf 90' lang='lat' dir='ltr'>ut</span> <span class='ocrx_word' id='word_1_81' title='bbox 574 2123 679 2186; x_wconf 89' lang='lat' dir='ltr'>natus</span> <span class='ocrx_word' id='word_1_82' title='bbox 699 2118 812 2186; x_wconf 86' lang='lat' dir='ltr'>factus</span> <span class='ocrx_word' id='word_1_83' title='bbox 834 2117 877 2186; x_wconf 92' lang='lat' dir='ltr'>ad</span> <span class='ocrx_word' id='word_1_84' title='bbox 901 2116 1019 2185; x_wconf 90' lang='lat' dir='ltr'>omnia</span> 
     </span>
     <span class='ocr_line' id='line_1_14' title="bbox 46 2229 1019 2324; baseline 0.006 -30"><span class='ocrx_word' id='word_1_85' title='bbox 46 2235 260 2298; x_wconf 87' lang='lat' dir='ltr'>censeretur.</span> <span class='ocrx_word' id='word_1_86' title='bbox 278 2229 409 2300; x_wconf 89' lang='lat' dir='ltr'>Deinde</span> <span class='ocrx_word' id='word_1_87' title='bbox 425 2252 504 2299; x_wconf 90' lang='lat' dir='ltr'>cum</span> <span class='ocrx_word' id='word_1_88' title='bbox 520 2253 634 2324; x_wconf 84' lang='lat' dir='ltr'>neque</span> <span class='ocrx_word' id='word_1_89' title='bbox 651 2238 842 2302; x_wconf 88' lang='lat' dir='ltr'>nocturnas</span> <span class='ocrx_word' id='word_1_90' title='bbox 856 2231 1019 2300; x_wconf 86' lang='lat' dir='ltr'>diurnas·</span> 
     </span>
     <span class='ocr_line' id='line_1_15' title="bbox 45 2341 1017 2436; baseline 0.001 -27"><span class='ocrx_word' id='word_1_91' title='bbox 45 2362 109 2431; x_wconf 91' lang='lat' dir='ltr'>que</span> <span class='ocrx_word' id='word_1_92' title='bbox 122 2364 267 2433; x_wconf 79' lang='lat' dir='ltr'>preceS,</span> <span class='ocrx_word' id='word_1_93' title='bbox 293 2365 409 2436; x_wconf 88' lang='lat' dir='ltr'>neque</span> <span class='ocrx_word' id='word_1_94' title='bbox 422 2344 642 2423; x_wconf 90' lang='lat' dir='ltr'>antelucana,</span> <span class='ocrx_word' id='word_1_95' title='bbox 659 2341 884 2434; x_wconf 89' lang='lat' dir='ltr'>serotinaque</span> <span class='ocrx_word' id='word_1_96' title='bbox 897 2341 1017 2434; x_wconf 83' lang='lat' dir='ltr'>flagra,</span> 
     </span>
     <span class='ocr_line' id='line_1_16' title="bbox 46 2451 1019 2546; baseline 0.002 -28"><span class='ocrx_word' id='word_1_97' title='bbox 46 2473 155 2544; x_wconf 92' lang='lat' dir='ltr'>neque</span> <span class='ocrx_word' id='word_1_98' title='bbox 179 2452 295 2522; x_wconf 87' lang='lat' dir='ltr'>cilicia</span> <span class='ocrx_word' id='word_1_99' title='bbox 321 2454 507 2545; x_wconf 86' lang='lat' dir='ltr'>ferreaque</span> <span class='ocrx_word' id='word_1_100' title='bbox 534 2453 685 2546; x_wconf 88' lang='lat' dir='ltr'>cingula,</span> <span class='ocrx_word' id='word_1_101' title='bbox 711 2474 828 2544; x_wconf 87' lang='lat' dir='ltr'>neque</span> <span class='ocrx_word' id='word_1_102' title='bbox 847 2451 946 2520; x_wconf 89' lang='lat' dir='ltr'>humi</span> <span class='ocrx_word' id='word_1_103' title='bbox 961 2473 1019 2521; x_wconf 92' lang='lat' dir='ltr'>cu·</span> 
     </span>
     <span class='ocr_line' id='line_1_17' title="bbox 46 2565 1019 2660; baseline 0 -26"><span class='ocrx_word' id='word_1_104' title='bbox 46 2565 202 2637; x_wconf 90' lang='lat' dir='ltr'>bationes</span> <span class='ocrx_word' id='word_1_105' title='bbox 232 2567 426 2660; x_wconf 93' lang='lat' dir='ltr'>strictaque</span> <span class='ocrx_word' id='word_1_106' title='bbox 450 2567 604 2659; x_wconf 86' lang='lat' dir='ltr'>jejunia,</span> <span class='ocrx_word' id='word_1_107' title='bbox 639 2567 711 2637; x_wconf 93' lang='lat' dir='ltr'>ullo</span> <span class='ocrx_word' id='word_1_108' title='bbox 736 2587 893 2659; x_wconf 90' lang='lat' dir='ltr'>unquam</span> <span class='ocrx_word' id='word_1_109' title='bbox 912 2565 1019 2634; x_wconf 91' lang='lat' dir='ltr'>inter·</span> 
     </span>
     <span class='ocr_line' id='line_1_18' title="bbox 47 2677 1015 2772; baseline 0 -28"><span class='ocrx_word' id='word_1_110' title='bbox 47 2679 177 2749; x_wconf 85' lang='lat' dir='ltr'>miserit</span> <span class='ocrx_word' id='word_1_111' title='bbox 200 2686 382 2772; x_wconf 87' lang='lat' dir='ltr'>tempore,</span> <span class='ocrx_word' id='word_1_112' title='bbox 411 2679 542 2770; x_wconf 86' lang='lat' dir='ltr'>grande</span> <span class='ocrx_word' id='word_1_113' title='bbox 565 2678 660 2748; x_wconf 90' lang='lat' dir='ltr'>aliud</span> <span class='ocrx_word' id='word_1_114' title='bbox 681 2677 892 2746; x_wconf 88' lang='lat' dir='ltr'>miraculum</span> <span class='ocrx_word' id='word_1_115' title='bbox 919 2681 1015 2755; x_wconf 92' lang='lat' dir='ltr'>esto,</span> 
     </span>
     <span class='ocr_line' id='line_1_19' title="bbox 47 2784 1021 2879; baseline -0.002 -22"><span class='ocrx_word' id='word_1_116' title='bbox 47 2789 136 2879; x_wconf 88' lang='lat' dir='ltr'>quod</span> <span class='ocrx_word' id='word_1_117' title='bbox 168 2795 221 2859; x_wconf 92' lang='lat' dir='ltr'>tot</span> <span class='ocrx_word' id='word_1_118' title='bbox 247 2789 456 2860; x_wconf 89' lang='lat' dir='ltr'>muneribus</span> <span class='ocrx_word' id='word_1_119' title='bbox 482 2795 519 2858; x_wconf 93' lang='lat' dir='ltr'>et</span> <span class='ocrx_word' id='word_1_120' title='bbox 543 2788 726 2859; x_wconf 88' lang='lat' dir='ltr'>laboribus</span> <span class='ocrx_word' id='word_1_121' title='bbox 751 2785 927 2856; x_wconf 89' lang='lat' dir='ltr'>debilitati</span> <span class='ocrx_word' id='word_1_122' title='bbox 959 2784 1021 2855; x_wconf 89' lang='lat' dir='ltr'>ob·</span> 
     </span>
     <span class='ocr_line' id='line_1_20' title="bbox 47 2898 1020 2992; baseline -0.001 -26"><span class='ocrx_word' id='word_1_123' title='bbox 47 2901 168 2972; x_wconf 86' lang='lat' dir='ltr'>noxius</span> <span class='ocrx_word' id='word_1_124' title='bbox 183 2903 291 2971; x_wconf 88' lang='lat' dir='ltr'>homo</span> <span class='ocrx_word' id='word_1_125' title='bbox 313 2923 383 2970; x_wconf 91' lang='lat' dir='ltr'>non</span> <span class='ocrx_word' id='word_1_126' title='bbox 403 2900 641 2971; x_wconf 89' lang='lat' dir='ltr'>succubuerit.</span> <span class='ocrx_word' id='word_1_127' title='bbox 657 2904 813 2970; x_wconf 88' lang='lat' dir='ltr'>Stratum</span> <span class='ocrx_word' id='word_1_128' title='bbox 833 2898 915 2970; x_wconf 89' lang='lat' dir='ltr'>lecti</span> <span class='ocrx_word' id='word_1_129' title='bbox 935 2920 1020 2992; x_wconf 92' lang='lat' dir='ltr'>pau·</span> 
     </span>
     <span class='ocr_line' id='line_1_21' title="bbox 48 3012 1022 3108; baseline -0.005 -22"><span class='ocrx_word' id='word_1_130' title='bbox 48 3017 237 3107; x_wconf 90' lang='lat' dir='ltr'>perrimum</span> <span class='ocrx_word' id='word_1_131' title='bbox 255 3016 291 3084; x_wconf 92' lang='lat' dir='ltr'>in</span> <span class='ocrx_word' id='word_1_132' title='bbox 305 3017 372 3085; x_wconf 89' lang='lat' dir='ltr'>hoo</span> <span class='ocrx_word' id='word_1_133' title='bbox 388 3022 481 3085; x_wconf 90' lang='lat' dir='ltr'>statu</span> <span class='ocrx_word' id='word_1_134' title='bbox 502 3037 685 3108; x_wconf 89' lang='lat' dir='ltr'>nunquam</span> <span class='ocrx_word' id='word_1_135' title='bbox 702 3014 864 3084; x_wconf 86' lang='lat' dir='ltr'>mutavit.</span> <span class='ocrx_word' id='word_1_136' title='bbox 882 3012 1022 3083; x_wconf 91' lang='lat' dir='ltr'>Cultio-</span> 
     </span>
     <span class='ocr_line' id='line_1_22' title="bbox 46 3123 1020 3219; baseline -0.003 -27"><span class='ocrx_word' id='word_1_137' title='bbox 46 3148 116 3195; x_wconf 89' lang='lat' dir='ltr'>rem</span> <span class='ocrx_word' id='word_1_138' title='bbox 131 3134 267 3197; x_wconf 87' lang='lat' dir='ltr'>vestem</span> <span class='ocrx_word' id='word_1_139' title='bbox 282 3126 360 3194; x_wconf 89' lang='lat' dir='ltr'>aliis</span> <span class='ocrx_word' id='word_1_140' title='bbox 373 3148 554 3219; x_wconf 86' lang='lat' dir='ltr'>nunquam</span> <span class='ocrx_word' id='word_1_141' title='bbox 571 3125 665 3195; x_wconf 91' lang='lat' dir='ltr'>tulit.</span> <span class='ocrx_word' id='word_1_142' title='bbox 678 3129 721 3194; x_wconf 85' lang='lat' dir='ltr'>Et</span> <span class='ocrx_word' id='word_1_143' title='bbox 733 3146 813 3195; x_wconf 88' lang='lat' dir='ltr'>cum</span> <span class='ocrx_word' id='word_1_144' title='bbox 825 3123 876 3192; x_wconf 96' lang='lat' dir='ltr'>illi</span> <span class='ocrx_word' id='word_1_145' title='bbox 891 3123 1020 3192; x_wconf 88' lang='lat' dir='ltr'>civium</span> 
     </span>
     <span class='ocr_line' id='line_1_23' title="bbox 46 3239 1022 3331; baseline -0.004 -25"><span class='ocrx_word' id='word_1_146' title='bbox 46 3239 185 3328; x_wconf 90' lang='lat' dir='ltr'>quidam</span> <span class='ocrx_word' id='word_1_147' title='bbox 201 3260 221 3308; x_wconf 94' lang='lat' dir='ltr'>e</span> <span class='ocrx_word' id='word_1_148' title='bbox 235 3239 392 3331; x_wconf 91' lang='lat' dir='ltr'>pretioso</span> <span class='ocrx_word' id='word_1_149' title='bbox 408 3239 597 3308; x_wconf 90' lang='lat' dir='ltr'>obtulisset</span> <span class='ocrx_word' id='word_1_150' title='bbox 610 3259 728 3330; x_wconf 93' lang='lat' dir='ltr'>panno</span> <span class='ocrx_word' id='word_1_151' title='bbox 741 3244 875 3307; x_wconf 90' lang='lat' dir='ltr'>vestem</span> <span class='ocrx_word' id='word_1_152' title='bbox 891 3288 901 3316; x_wconf 94' lang='lat'>,</span> <span class='ocrx_word' id='word_1_153' title='bbox 916 3256 1022 3304; x_wconf 85' lang='lat' dir='ltr'>orans</span> 
     </span>
     <span class='ocr_line' id='line_1_24' title="bbox 47 3352 1021 3447; baseline -0.002 -25"><span class='ocrx_word' id='word_1_154' title='bbox 47 3361 84 3422; x_wconf 92' lang='lat' dir='ltr'>ut</span> <span class='ocrx_word' id='word_1_155' title='bbox 100 3355 144 3424; x_wconf 94' lang='lat' dir='ltr'>ob</span> <span class='ocrx_word' id='word_1_156' title='bbox 159 3377 318 3424; x_wconf 91' lang='lat' dir='ltr'>amorem</span> <span class='ocrx_word' id='word_1_157' title='bbox 333 3355 386 3424; x_wconf 88' lang='lat' dir='ltr'>sui</span> <span class='ocrx_word' id='word_1_158' title='bbox 401 3360 557 3447; x_wconf 87' lang='lat' dir='ltr'>gestaret</span> <span class='ocrx_word' id='word_1_159' title='bbox 573 3378 581 3437; x_wconf 93' lang='lat'>;</span> <span class='ocrx_word' id='word_1_160' title='bbox 604 3377 687 3425; x_wconf 86' lang='lat' dir='ltr'>mox</span> <span class='ocrx_word' id='word_1_161' title='bbox 706 3360 747 3424; x_wconf 93' lang='lat' dir='ltr'>ut</span> <span class='ocrx_word' id='word_1_162' title='bbox 770 3375 814 3424; x_wconf 87' lang='lat' dir='ltr'>ex</span> <span class='ocrx_word' id='word_1_163' title='bbox 830 3352 983 3446; x_wconf 91' lang='lat' dir='ltr'>quodam</span> <span class='ocrx_word' id='word_1_164' title='bbox 1002 3373 1021 3421; x_wconf 90' lang='lat' dir='ltr'>e</span> 
     </span>
     <span class='ocr_line' id='line_1_25' title="bbox 48 3462 1023 3559; baseline 0.001 -28"><span class='ocrx_word' id='word_1_165' title='bbox 48 3465 215 3536; x_wconf 86' lang='lat' dir='ltr'>fratribus</span> <span class='ocrx_word' id='word_1_166' title='bbox 231 3465 333 3558; x_wconf 86' lang='lat' dir='ltr'>quasi</span> <span class='ocrx_word' id='word_1_167' title='bbox 347 3467 414 3535; x_wconf 91' lang='lat' dir='ltr'>hoc</span> <span class='ocrx_word' id='word_1_168' title='bbox 429 3466 489 3536; x_wconf 88' lang='lat' dir='ltr'>alii</span> <span class='ocrx_word' id='word_1_169' title='bbox 503 3488 595 3559; x_wconf 71' lang='lat' dir='ltr'>aegre</span> <span class='ocrx_word' id='word_1_170' title='bbox 611 3467 744 3536; x_wconf 86' lang='lat' dir='ltr'>ferrent</span> <span class='ocrx_word' id='word_1_171' title='bbox 756 3462 949 3543; x_wconf 84' lang='lat' dir='ltr'>intellexit,</span> <span class='ocrx_word' id='word_1_172' title='bbox 965 3463 1023 3532; x_wconf 87' lang='lat' dir='ltr'>al-</span> 
     </span>
     <span class='ocr_line' id='line_1_26' title="bbox 47 3578 1020 3670; baseline 0.001 -24"><span class='ocrx_word' id='word_1_173' title='bbox 47 3579 108 3646; x_wconf 88' lang='lat' dir='ltr'>teri</span> <span class='ocrx_word' id='word_1_174' title='bbox 127 3580 338 3670; x_wconf 89' lang='lat' dir='ltr'>portandam</span> <span class='ocrx_word' id='word_1_175' title='bbox 352 3578 507 3660; x_wconf 84' lang='lat' dir='ltr'>tradidit,</span> <span class='ocrx_word' id='word_1_176' title='bbox 522 3579 636 3650; x_wconf 83' lang='lat' dir='ltr'>viliori</span> <span class='ocrx_word' id='word_1_177' title='bbox 648 3579 692 3648; x_wconf 92' lang='lat' dir='ltr'>ab</span> <span class='ocrx_word' id='word_1_178' title='bbox 704 3579 763 3648; x_wconf 92' lang='lat' dir='ltr'>illo</span> <span class='ocrx_word' id='word_1_179' title='bbox 780 3578 847 3648; x_wconf 91' lang='lat' dir='ltr'>sibi</span> <span class='ocrx_word' id='word_1_180' title='bbox 861 3579 904 3648; x_wconf 87' lang='lat' dir='ltr'>ad</span> <span class='ocrx_word' id='word_1_181' title='bbox 916 3600 1020 3647; x_wconf 91' lang='lat' dir='ltr'>usum</span> 
     </span>
     <span class='ocr_line' id='line_1_27' title="bbox 46 3696 1024 3790; baseline 0.004 -29"><span class='ocrx_word' id='word_1_182' title='bbox 46 3703 197 3789; x_wconf 89' lang='lat' dir='ltr'>accepta.</span> <span class='ocrx_word' id='word_1_183' title='bbox 213 3702 301 3766; x_wconf 86' lang='lat' dir='ltr'>Cum</span> <span class='ocrx_word' id='word_1_184' title='bbox 321 3697 508 3790; x_wconf 81' lang='lat' dir='ltr'>Zyroviciis</span> <span class='ocrx_word' id='word_1_185' title='bbox 524 3706 559 3767; x_wconf 90' lang='lat' dir='ltr'>et</span> <span class='ocrx_word' id='word_1_186' title='bbox 581 3697 752 3790; x_wconf 79' lang='lat' dir='ltr'>Bythenio</span> <span class='ocrx_word' id='word_1_187' title='bbox 767 3703 933 3766; x_wconf 91' lang='lat' dir='ltr'>evocatus</span> <span class='ocrx_word' id='word_1_188' title='bbox 944 3696 1024 3767; x_wconf 89' lang='lat' dir='ltr'>Vil-</span> 
     </span>
     <span class='ocr_line' id='line_1_28' title="bbox 48 3808 1023 3902; baseline 0.005 -29"><span class='ocrx_word' id='word_1_189' title='bbox 48 3828 123 3875; x_wconf 86' lang='lat' dir='ltr'>nam</span> <span class='ocrx_word' id='word_1_190' title='bbox 140 3809 294 3889; x_wconf 84' lang='lat' dir='ltr'>rediret,</span> <span class='ocrx_word' id='word_1_191' title='bbox 319 3810 558 3879; x_wconf 83' lang='lat' dir='ltr'>marschalcus</span> <span class='ocrx_word' id='word_1_192' title='bbox 580 3808 810 3880; x_wconf 88' lang='lat' dir='ltr'>Slonimensis</span> <span class='ocrx_word' id='word_1_193' title='bbox 832 3813 964 3902; x_wconf 80' lang='lat' dir='ltr'>Tryzna</span> <span class='ocrx_word' id='word_1_194' title='bbox 978 3832 1023 3880; x_wconf 85' lang='lat' dir='ltr'>ex</span> 
     </span>
     <span class='ocr_line' id='line_1_29' title="bbox 47 3919 1019 4014; baseline 0.004 -28"><span class='ocrx_word' id='word_1_195' title='bbox 47 3920 169 3991; x_wconf 85' lang='lat' dir='ltr'>aflectu</span> <span class='ocrx_word' id='word_1_196' title='bbox 190 3943 273 4002; x_wconf 90' lang='lat' dir='ltr'>suo,</span> <span class='ocrx_word' id='word_1_197' title='bbox 290 3944 353 4014; x_wconf 90' lang='lat' dir='ltr'>pro</span> <span class='ocrx_word' id='word_1_198' title='bbox 369 3921 551 4014; x_wconf 85' lang='lat' dir='ltr'>superiore</span> <span class='ocrx_word' id='word_1_199' title='bbox 578 3921 629 3989; x_wconf 88' lang='lat' dir='ltr'>illi</span> <span class='ocrx_word' id='word_1_200' title='bbox 652 3919 884 3990; x_wconf 83' lang='lat' dir='ltr'>suffulcienda</span> <span class='ocrx_word' id='word_1_201' title='bbox 903 3926 1019 4000; x_wconf 88' lang='lat' dir='ltr'>veste,</span> 
     </span>
     <span class='ocr_line' id='line_1_30' title="bbox 47 4032 1022 4127; baseline 0.001 -27"><span class='ocrx_word' id='word_1_202' title='bbox 47 4032 153 4121; x_wconf 90' lang='lat' dir='ltr'>pelles</span> <span class='ocrx_word' id='word_1_203' title='bbox 178 4041 390 4127; x_wconf 86' lang='lat' dir='ltr'>praestantes</span> <span class='ocrx_word' id='word_1_204' title='bbox 412 4034 495 4103; x_wconf 89' lang='lat' dir='ltr'>dare</span> <span class='ocrx_word' id='word_1_205' title='bbox 525 4033 726 4104; x_wconf 91' lang='lat' dir='ltr'>intenderat</span> <span class='ocrx_word' id='word_1_206' title='bbox 748 4033 933 4125; x_wconf 84' lang='lat' dir='ltr'>vulpinas3</span> <span class='ocrx_word' id='word_1_207' title='bbox 961 4033 1022 4102; x_wconf 93' lang='lat' dir='ltr'>sed</span> 
     </span>
     <span class='ocr_line' id='line_1_31' title="bbox 49 4147 1023 4240; baseline 0.005 -29"><span class='ocrx_word' id='word_1_208' title='bbox 49 4155 293 4218; x_wconf 89' lang='lat' dir='ltr'>recusaturum</span> <span class='ocrx_word' id='word_1_209' title='bbox 322 4148 561 4230; x_wconf 89' lang='lat' dir='ltr'>subodorans,</span> <span class='ocrx_word' id='word_1_210' title='bbox 592 4149 682 4218; x_wconf 89' lang='lat' dir='ltr'>olam</span> <span class='ocrx_word' id='word_1_211' title='bbox 708 4170 771 4228; x_wconf 90' lang='lat' dir='ltr'>eo,</span> <span class='ocrx_word' id='word_1_212' title='bbox 803 4147 841 4218; x_wconf 90' lang='lat' dir='ltr'>in</span> <span class='ocrx_word' id='word_1_213' title='bbox 866 4169 1023 4240; x_wconf 91' lang='lat' dir='ltr'>pannum</span> 
     </span>
    </p>
   </div>
   <div class='ocr_carea' id='block_1_3' title="bbox 0 0 1638 5484">
    <p class='ocr_par' dir='ltr' id='par_1_3' title="bbox 0 0 1638 5484">
     <span class='ocr_line' id='line_1_32' title="bbox 0 0 1638 5484; baseline 0 0"><span class='ocrx_word' id='word_1_214' title='bbox 0 0 1638 5484; x_wconf 95' lang='lat' dir='ltr'> </span> 
     </span>
    </p>
   </div>
  </div>
 </body>
</html>
