3259 5484
458 699 637 771 ..43-

63 859 164 929 tridie
192 879 274 930 eum
298 861 416 952 ipsum
442 867 479 931 et
500 883 623 933 omnes
651 864 809 956 hospites
834 865 1031 957 palatinus3

63 970 226 1060 perendie
237 971 424 1064 collegium
440 972 623 1043 societatis
635 979 716 1044 Jesu
727 976 928 1065 praesulcm,
944 977 1036 1069 lega·

4 1157 11 1182 „
63 1092 152 1166 tum,
179 1107 260 1155 cum
285 1087 416 1155 familia
435 1088 730 1180 l'yszkievieiana,
755 1090 939 1181 praemissa
963 1098 1036 1161 stu·

6 1252 8 1292 5
60 1199 217 1268 dentium
239 1200 320 1269 laeta
343 1199 611 1292 apprecatione,
646 1201 793 1292 prandio
826 1208 1033 1273 veneratum

3 1381 9 1390 ,.
59 1315 122 1379 est.
139 1310 202 1378 Die
218 1310 357 1380 veneris
372 1311 527 1403 legatus,
544 1311 692 1380 sabbato
711 1312 924 1382 castellanus
946 1335 1034 1405 prae-

3 1401 5 1406 ¹
60 1420 169 1489 sulem
196 1425 233 1490 et
264 1420 422 1512 hospites
449 1426 654 1492 tractavere.
690 1421 870 1491 Dominica
895 1423 1033 1493 civilem

4 1539 11 1614 j,
59 1531 303 1623 magistratum
322 1552 443 1601 mensa
464 1534 631 1624 Josaphat
653 1532 762 1602 coluit
783 1555 863 1613 sua,
890 1555 970 1603 eum
994 1541 1032 1605 et

5 1631 7 1634 ¹
58 1643 122 1736 ipsi
142 1646 258 1738 pridie
274 1667 354 1715 eum
377 1645 596 1715 muneribus.
614 1649 651 1714 ln
667 1645 833 1714 omnibus
847 1668 930 1716 vero
953 1669 1034 1716 con-

4 1837 5 1840 ,
58 1757 231 1838 sessibuS,
248 1757 475 1836 modestiam,
491 1757 775 1848 temperantiam,
792 1757 887 1849 piam
902 1780 1033 1828 sermo·

58 1867 268 1938 cinationem
282 1868 462 1960 losaphati
478 1889 600 1936 omnes
619 1873 797 1938 notavere.
821 1870 939 1940 Altera
954 1871 1031 1942 luce

57 1980 232 2050 dominica
244 1981 280 2048 in
301 1981 375 2050 aede
390 1979 617 2070 vice-judicis
637 1981 854 2063 colocensis,
878 1982 1031 2052 Danielis

56 2096 191 2184 Szczyt,
214 2114 235 2160 a
259 2091 442 2162 nobilitate
465 2092 561 2160 lauto
585 2098 755 2184 exceptus
776 2094 952 2177 convivio;
979 2119 1032 2167 se·

57 2203 176 2295 quenti
192 2203 279 2273 item
303 2201 477 2272 dominica
492 2224 511 2270 a
527 2204 602 2272 eive
618 2204 770 2296 quodam
793 2205 1028 2277 schismatico.

3 2310 8 2402 }
56 2314 117 2384 Ubi
131 2335 295 2385 sermone
310 2315 402 2406 ejus,
419 2314 599 2396 comitate,
624 2315 693 2385 cibi
708 2323 885 2410 potusque
900 2319 1030 2390 medio

56 2427 176 2497 oritate
197 2427 292 2520 eapti
317 2427 472 2496 convivae
495 2427 723 2510 schismatici,
749 2429 886 2500 sincere
909 2452 947 2501 se
968 2430 1030 2500 illo

55 2561 169 2608 eoram
186 2539 353 2610 effudere.
371 2540 607 2622 lnerebuissc,
625 2540 850 2635 inquiebant,
866 2565 947 2614 eum
960 2545 1030 2636 pri-

3 2643 5 2646 ’
54 2674 149 2720 mum
174 2651 325 2721 latinum
349 2651 528 2722 aditurum
544 2654 734 2748 templum,
756 2653 876 2746 ibique
900 2655 1029 2725 auditis

54 2763 196 2845 divinis,
221 2763 413 2856 gratiisque
428 2769 498 2835 Deo
514 2765 618 2847 actis,
643 2766 828 2836 adsedem
849 2773 1029 2857 perrectu-

4 2961 5 2966 Ἰ
53 2897 128 2943 rum
145 2899 260 2944 suam.
278 2876 364 2945 Cum
382 2898 453 2945 non
473 2877 581 2947 fuisse
594 2877 630 2947 id
643 2877 772 2948 mentis
787 2899 861 2946 suae
874 2879 1028 2948 suaviter

53 2985 240 3066 edixisset,
265 3009 309 3056 ex
323 3007 417 3056 nunc
430 2988 567 3079 ejurato
582 2989 789 3068 schismate,
808 2988 975 3057 animitus
994 2991 1026 3058 ei

52 3097 249 3189 Unionique
285 3104 415 3166 sanetae
441 3099 642 3181 adhaesere3
676 3099 918 3190 frequentaret
943 3121 1027 3169 sane

51 3207 242 3278 latinorum
265 3210 416 3301 templa,
433 3211 574 3301 quando
599 3209 722 3289 vellet,
748 3231 829 3279 eum
850 3231 952 3303 aeque
976 3209 1027 3279 ibi

51 3323 141 3387 Deus
157 3318 345 3402 laudetur;
364 3321 424 3390 sed
440 3320 507 3390 sibi
522 3320 624 3390 aliter
637 3327 820 3390 narratum
835 3321 956 3392 fuisse.
1042 3303 1048 3313 ¹

92 3432 148 3501 Sic
161 3433 259 3502 adito
272 3433 594 3526 archiepiscopatu,
614 3455 694 3502 eum
713 3455 792 3502 rara
807 3434 844 3501 in
860 3434 1027 3503 cathedra
1074 3461 1269 3509 namneus

49 3563 111 3632 per
126 3543 362 3634 septimanam
374 3565 471 3614 sacro
483 3548 554 3614 Deo
569 3544 646 3614 fieri
663 3546 882 3624 adverteret,
900 3545 1026 3615 statuit

49 3657 86 3720 ut
105 3653 225 3722 clerus
240 3654 479 3744 frequentiora
491 3655 528 3722 in
540 3655 650 3736 festis,
668 3655 886 3748 singulisque
900 3656 1026 3726 diebus

48 3766 178 3836 faceret
193 3788 201 3847 ;
218 3787 335 3834 coram
344 3766 517 3858 religiosis
530 3771 569 3834 D.
585 3766 703 3836 Basilii
714 3767 834 3846 unitis,
851 3767 893 3835 ad
907 3767 1024 3836 minus

48 3878 155 3946 semel
170 3877 209 3944 in
223 3899 360 3956 mense,
380 3879 629 3948 conscientiam
648 3880 849 3969 depuraret.
865 3877 1025 3969 Bigamos

47 3987 209 4057 adlatus
235 3990 410 4059 cathedrae
443 3989 660 4066 existentes,
694 3989 865 4058 altaribus
896 3989 1022 4058 arcuit.

46 4103 253 4194 Caeteraque
267 4102 443 4172 adrerum
458 4103 617 4174 ordinem
631 4101 839 4194 cumprimis
856 4122 1025 4173 necessa-
