3259 5484
966 715 1123 788 ..8-

558 872 656 954 ticis,
687 873 864 945 slavonico
883 875 1049 946 idiomate
1077 875 1218 969 scriptis
1255 876 1532 970 impressisque,

558 983 745 1054 insudavit.
769 989 810 1055 Et
830 986 961 1056 axillis
983 987 1156 1078 ejusmodi
1184 1009 1282 1056 arma
1309 987 1345 1056 in
1367 988 1536 1080 pervicax

557 1098 708 1168 schisma
718 1100 952 1193 conglobavit,
962 1101 1094 1194 quibus
1109 1101 1274 1193 opinione
1287 1102 1537 1171 lortiussebis-

557 1201 704 1281 matieos
721 1219 952 1305 expugnaret.
975 1214 1195 1284 Collectanea
1207 1213 1285 1306 ejus
1299 1213 1475 1283 slavonica
1488 1215 1536 1282 de

557 1322 664 1392 rebus
685 1322 767 1392 fidei
791 1324 884 1416 apud
907 1323 1149 1393 schismaticos
1172 1324 1428 1404 controversis,
1454 1324 1536 1416 ipse

557 1432 645 1502 meis
658 1431 809 1502 intuitus
824 1456 902 1503 sum
922 1434 1060 1503 oculis:
1086 1433 1280 1526 exquibus
1302 1435 1532 1526 postmodum

557 1540 699 1614 libellus
728 1546 878 1633 desumto
901 1547 1034 1614 unionis
1061 1546 1197 1626 dictus,
1236 1568 1318 1616 vere
1354 1547 1536 1639 pretiosus

557 1656 642 1726 unio
679 1663 715 1728 et
747 1658 877 1727 mastix
905 1658 1229 1740 schismaticorum,
1261 1658 1306 1728 ab
1344 1659 1419 1739 illo,
1449 1683 1534 1729 cum

556 1768 729 1860 adjutorio
744 1770 1008 1849 nonnullorum,
1022 1771 1134 1840 celato
1148 1769 1308 1850 nomine,
1327 1777 1532 1851 contextus

555 1879 592 1947 in
621 1880 732 1950 lucem
758 1881 900 1974 prodiit.
922 1887 1065 1952 Patrum
1087 1882 1218 1952 ibidem
1247 1883 1418 1975 praeclara
1438 1883 1536 1952 laei-

555 2010 657 2070 nora,
671 1997 867 2083 martyrum
887 1994 997 2062 ardua
1012 1993 1205 2063 certamina
1218 1993 1387 2085 variaque
1402 1994 1535 2088 spiritu

555 2102 617 2172 Dei
644 2103 781 2194 repleta
805 2104 983 2172 volumina
1003 2104 1112 2173 volvit
1137 2105 1367 2197 revolvitque.
1395 2105 1537 2187 Quibus

556 2239 593 2288 se
620 2217 736 2310 ipsum
764 2218 807 2287 ad
835 2217 939 2287 sortia
965 2218 1099 2310 agenda
1122 2224 1159 2289 et
1189 2217 1355 2310 patienda
1385 2223 1537 2288 strenue

556 2324 714 2392 armavit.

292 2457 462 2564 “elflffilm
478 2471 519 2502 “-
599 2458 637 2524 ln
649 2454 745 2524 victu
759 2477 830 2524 non
843 2455 1057 2525 moderatior
1078 2454 1213 2534 solum,
1232 2454 1294 2524 sed
1316 2453 1409 2522 ultra
1435 2454 1538 2524 vires

421 2553 427 2565 ’
555 2565 807 2637 imbecillitatis
824 2588 897 2636 suae
910 2568 947 2634 in
963 2588 1000 2636 se
1014 2565 1172 2660 gravior,
1191 2566 1345 2658 plurima
1359 2588 1397 2635 se
1411 2565 1536 2635 inedia

555 2677 745 2748 afflixitzet
758 2678 1022 2748 refocillationis
1032 2701 1138 2748 causa
1164 2677 1312 2747 modieis
1330 2683 1367 2747 et
1388 2677 1539 2768 simpli-

554 2789 674 2870 cibus,
707 2789 909 2881 etquidem
935 2790 979 2860 de
1004 2790 1096 2881 stipe
1119 2788 1331 2880 comparatis
1354 2809 1440 2856 usus
1463 2809 1537 2856 es-

553 2897 728 2978 culentia,
766 2897 1003 2990 omnibusque
1026 2896 1171 2966 semotis
1204 2895 1420 2989 poculentis,
1451 2897 1534 2964 sola

554 3009 680 3101 frigida
712 3008 956 3101 quinquennio
985 3007 1169 3079 victitavit.
1204 3010 1278 3076 Non
1311 3005 1535 3076 amovendus

554 3119 641 3188 alias
660 3118 704 3187 ab
729 3118 807 3199 illa,
832 3117 898 3187 nisi
921 3141 1015 3210 aegra
1029 3117 1232 3188 valetudine
1254 3138 1414 3209 pressum
1434 3113 1536 3186 obe-

552 3229 1188 3322 dicntiasuperioresobstrinxissent,
1198 3233 1237 3296 ut
1247 3250 1323 3298 eam
1333 3233 1530 3296 amoveret.

553 3343 752 3426 Quinetiam
776 3341 929 3412 inediam
943 3341 979 3408 in
995 3340 1131 3433 aliquot
1149 3340 1326 3432 prolatare
1345 3339 1420 3409 dies
1444 3359 1534 3407 con-

480 3439 482 3444 ’
555 3457 728 3522 sueverat.
760 3450 919 3520 Piscibus
938 3470 1018 3519 raro
1044 3471 1130 3519 usus
1155 3472 1162 3517 :
1183 3449 1342 3518 carnium
1362 3470 1446 3526 esu,
1482 3448 1535 3515 ab

552 3564 713 3656 ingressu
736 3561 916 3653 religionis
929 3582 1042 3652 usque
1057 3561 1101 3630 ad
1116 3581 1321 3651 supremum
1334 3558 1416 3627 vitae
1430 3556 1531 3626 diem

521 3673 595 3762 ¹25
630 3693 803 3742 annorum
836 3673 1009 3751 decursu,
1046 3670 1229 3740 abstinuit.
1265 3673 1348 3739 Esto
1375 3672 1531 3737 stratum

551 3786 672 3856 lectuli
696 3785 773 3878 ejus
795 3784 985 3853 admodum
1006 3783 1075 3854 vile
1090 3790 1126 3855 et
1144 3804 1279 3876 pauper
1304 3780 1427 3859 fuerit,
1454 3778 1534 3850 imo

551 3894 914 3990 paupereindignum3
928 3894 1141 3964 tamenillud
1152 3893 1257 3963 etiam
1268 3892 1327 3961 vix
1336 3890 1534 3981 aliquando

550 4007 732 4087 adhibuit,
751 4008 846 4076 nuda
867 4011 1055 4076 contentus
1075 4007 1183 4074 humo
1205 4003 1376 4074 lateribus
1401 4007 1530 4070 strata.

549 4123 587 4188 ln
608 4139 679 4211 qua
694 4117 767 4186 sola
781 4115 994 4207 quandoque
1008 4114 1161 4186 interula
1176 4114 1533 4218 cilicinacontectus,
