3259 5484
494 697 675 771 ...51-

146 864 187 931 Ut
208 868 363 931 sanctam
385 861 534 931 coluerit
557 860 687 930 mentis
710 857 964 939 humilitatem,
990 878 1070 927 cum
1161 868 1278 913 numam.

105 996 146 1043 ex
165 975 240 1044 aliis
262 981 336 1043 tum
359 974 440 1044 inde
456 972 678 1065 probaveris,
702 971 796 1063 quod
815 969 922 1040 etiam
938 968 1072 1037 vilissi-

106 1112 174 1158 mos
187 1090 337 1182 benigno
359 1111 430 1159 non
446 1088 661 1181 dedignatus
682 1086 837 1179 alloquio
855 1109 862 1153 :
877 1085 921 1155 de
936 1106 973 1155 se
995 1083 1071 1175 ipso

105 1202 301 1293 frequenter
326 1207 362 1271 et
389 1200 504 1294 palam
530 1201 668 1269 locutus
696 1199 758 1279 sit,
786 1220 824 1267 se
853 1199 896 1267 de
922 1195 1071 1288 simplici

103 1338 223 1406 genere
248 1315 501 1387 etmercatoris
515 1322 621 1397 statu,
637 1315 740 1407 longe
752 1314 924 1405 imparem
940 1317 976 1382 et
987 1310 1073 1379 indi·
1155 1312 1284 1356 ⁰b2l¹⁰¹¹l¹=

102 1448 224 1516 gnum,
250 1429 294 1496 ad
322 1433 460 1497 tantum
484 1434 645 1498 evectum
672 1427 823 1496 culmen.
848 1427 970 1495 Aulam
996 1425 1073 1516 ejus

104 1536 336 1617 Polocensem,
364 1560 444 1607 cum
464 1538 585 1630 equis,
609 1537 773 1607 curribus
803 1542 840 1607 ct
862 1542 936 1605 tota
958 1557 996 1605 re
1016 1535 1074 1603 la-

103 1650 250 1732 miliari,
276 1651 368 1743 ignis
393 1652 483 1721 edax
501 1651 703 1732 deleverat3
732 1649 799 1719 sub
823 1672 929 1741 quem
952 1669 1072 1719 casum

101 1766 267 1856 Iosephus
292 1765 476 1845 nutscius,
493 1764 809 1856 metropolitanuS,
828 1763 966 1833 Polocia
992 1784 1072 1832 eum

102 1878 394 1968 Novogrodeoum,
414 1876 456 1947 70
483 1877 592 1947 leucis
614 1862 788 1947 remotum
815 1883 950 1946 evocat.
981 1875 1073 1944 Nihil

102 1995 253 2057 moratus
277 1988 332 2057 vir
347 1988 491 2057 humilis
515 1995 552 2058 et
572 1988 758 2068 obediens,
784 1988 909 2057 decore
931 1986 1069 2065 mundi,

101 2098 328 2190 amplitudine
349 2076 482 2177 statuS,
511 2120 615 2168 sensu
638 2098 821 2167 hominum
845 2097 1013 2189 protrito,
1038 2102 1073 2165 et

102 2209 140 2278 de
153 2233 189 2281 se
201 2211 278 2303 ipso
295 2211 433 2280 locutus
445 2211 646 2292 victoriam,
662 2212 791 2281 villano
805 2212 955 2304 simplici
965 2233 1071 2281 curru

102 2342 160 2410 pro
174 2322 358 2413 designato
374 2322 521 2413 appellit
542 2324 609 2392 die.
627 2325 783 2392 lnnotuit
798 2330 948 2414 uterque
970 2344 1072 2392 casus

101 2436 253 2525 stupenti
277 2434 420 2503 Rutseio
448 2441 483 2503 et
501 2434 650 2516 dicenti,
674 2435 741 2504 sibi
769 2458 847 2505 eam
871 2458 942 2504 non
963 2436 1072 2504 fuisse

101 2548 331 2628 voluntatem,
355 2554 394 2616 ut
408 2570 488 2616 cum
508 2553 606 2616 tanto
621 2548 765 2616 honoris
779 2546 964 2639 dispendio
979 2546 1073 2615 veni-

100 2665 172 2727 ret:
189 2681 307 2753 neque
323 2682 377 2739 se,
396 2659 578 2750 respondit
597 2659 788 2738 submisse,
813 2659 1000 2751 imperium
1018 2659 1072 2727 sui
1098 2670 1345 2713 astronomum·-

100 2778 175 2861 post
201 2777 314 2842 Deum
336 2772 442 2842 isthic
465 2774 615 2865 pastoris
635 2796 802 2865 respuere
823 2773 1006 2852 debuisse,
1034 2779 1073 2841 ut
1201 2744 1246 2774 Μ’

99 2905 163 2953 non
175 2885 326 2954 veniret.
339 2889 425 2954 Cum
441 2886 514 2955 suis
528 2908 667 2978 semper
679 2886 831 2954 inimicis
845 2893 1021 2977 parceret,
1037 2890 1073 2953 et

98 2996 227 3067 viscera
249 2997 354 3089 plena
374 2996 556 3066 charitatis
570 2997 763 3089 praeberet,
780 2996 1023 3087 vincendoque
1036 2995 1073 3063 in

99 3107 187 3177 bono
202 3109 338 3177 malum
353 3108 534 3177 beneficiis
547 3107 762 3189 devinciret;
779 3106 986 3199 recognita,
1002 3105 1070 3185 illi,

97 3218 156 3307 qui
179 3218 225 3287 ab
246 3219 415 3309 iosaphat
430 3218 592 3309 quaedam
615 3223 796 3309 peterent,
824 3238 888 3285 nec
909 3216 1074 3307 impetra-

98 3337 197 3410 rent,
234 3330 353 3400 studio
374 3352 455 3400 eum
480 3330 635 3421 injuriis,
669 3329 948 3421 contemptibus,
984 3338 1075 3397 satu-

99 3442 239 3523 rabant,
259 3449 296 3513 et
309 3441 545 3533 potiebantur.
563 3442 796 3511 conciliandis
810 3442 1023 3510 discordium
1038 3447 1074 3509 et

97 3554 188 3624 inter
211 3577 250 3625 se
274 3554 469 3624 inimicitiis
491 3555 758 3647 digladiantium
771 3556 898 3624 animis
915 3555 1074 3625 felicissi-

98 3685 174 3732 mus
195 3688 202 3733 :
221 3684 328 3756 quos,
357 3664 412 3733 vel
435 3664 611 3745 adeundo,
637 3665 693 3734 vel
718 3688 791 3735 suae
822 3687 953 3735 mensae
977 3667 1073 3737 adhi-

95 3774 231 3855 bendo,
249 3775 348 3844 nullo
364 3775 510 3844 sedabat
527 3776 770 3868 jungebatquc
794 3777 947 3868 negotio.
966 3778 1072 3868 ldquo

94 3908 206 3976 genus
229 3886 334 3956 officii
359 3908 429 3955 non
461 3887 633 3957 duntaxat
657 3888 839 3957 catholicis
863 3888 974 3959 Unitis
998 3888 1074 3958 lati·

95 3998 236 4091 nisque,
253 4000 315 4067 sed
331 3999 437 4067 etiam
452 4000 695 4080 schismaticis
710 4002 897 4083 haeretieiS,
917 4002 1073 4094 ipsisque
1111 4032 1248 4077 costarum
1258 4032 1336 4074 ranen-

96 4109 251 4179 hehraeis
265 4118 436 4201 praestare
452 4112 577 4182 solitus
591 4117 657 4183 est.
675 4116 714 4182 ln
729 4114 943 4185 conscientia
959 4135 1073 4204 neque
1191 4094 1249 4139 ¹⁰³⁰·
