3259 5484
954 669 1154 735 -lli'-

563 835 594 887 ct
625 825 832 909 depingendis
868 826 1102 907 humandisque
1135 819 1325 886 Sanctorum
1348 824 1535 902 imaginibus

564 946 694 1012 operam
717 928 830 1003 dabat;
853 928 1036 1009 tamdiuque
1063 927 1221 989 interdum
1245 928 1275 987 in
1301 927 1397 988 sacris
1420 926 1535 987 aedibus

564 1031 843 1103 commorabatur,
861 1040 896 1093 ut
911 1030 1060 1091 sollicitos
1073 1030 1185 1091 laceret
1201 1037 1344 1110 parantes
1361 1028 1403 1090 ob
1420 1027 1468 1089 sui
1480 1026 1535 1087 ab·
1618 1092 1619 1097 η

567 1132 699 1193 seutiam
714 1153 719 1191 :
733 1131 817 1193 uude
830 1132 895 1213 ipsc
907 1132 1043 1193 loannes
1054 1140 1205 1211 tanquam
1219 1130 1380 1212 exemplar
1389 1130 1534 1191 virtutum

568 1240 663 1313 atque
681 1233 811 1311 egregiae
827 1231 942 1294 indolis
962 1232 1080 1293 caeteris
1105 1232 1199 1293 etiam
1215 1231 1430 1313 provectioris·
1445 1229 1537 1291 aetatis

569 1334 819 1397 adolescentibus
833 1336 1084 1417 proponebatur,
1101 1345 1135 1397 ut
1147 1342 1300 1396 testantur
1315 1334 1408 1396 iidem
1422 1336 1537 1414 primus

568 1443 599 1498 et
610 1437 719 1498 tertius
732 1437 817 1497 testis
832 1437 863 1497 in
880 1438 1019 1499 Processu
1035 1426 1187 1503 Polocensi
1202 1436 1270 1515 (fol.
1285 1439 1347 1514 2⁹2).

608 1541 680 1603 Post
691 1560 771 1621 quas
780 1559 989 1624 praeproperat
1003 1543 1126 1624 pietatis
1145 1561 1181 1603 ac
1198 1522 1413 1603 sanctimoniae
1433 1538 1538 1621 prolu-

570 1644 692 1717 sioneS,
708 1662 782 1705 cum
798 1662 899 1724 usque
911 1643 950 1705 ad
961 1663 1080 1705 annum
1093 1644 1207 1705 Christi
1221 1648 1297 1704 tuda
1310 1642 1456 1703 cumdem
1475 1642 1538 1702 rita

570 1745 709 1808 honestae
723 1754 862 1807 tenorem
875 1756 1039 1818 servasset,
1054 1746 1206 1825 vigesimo
1216 1745 1314 1807 atatis
1327 1762 1411 1806 auno
1427 1742 1539 1820 religio·
1618 1724 1619 1741 ¹

570 1867 644 1909 nem
659 1848 690 1909 S.
704 1848 809 1909 Basilii
822 1849 978 1927 ingressus
992 1848 1091 1926 estet
1102 1850 1134 1909 in
1150 1868 1185 1909 ea
1201 1846 1357 1929 professus
1371 1847 1401 1906 in
1416 1863 1538 1907 monas-

571 1952 632 2013 tica
648 1950 838 2033 perfectione
852 1961 882 2012 et
893 1952 964 2013 ritae
978 1952 1186 2013 sanctimonia
1207 1952 1349 2029 ingentes
1365 1966 1539 2030 progressus

572 2054 661 2129 fecit,
675 2055 852 2135 claruitque
866 2054 979 2115 eximie
994 2055 1168 2116 moralibus
1183 2073 1218 2116 ac
1233 2053 1417 2131 theologicis
1429 2050 1540 2112 virtuti·

573 2157 648 2232 bus,
662 2157 778 2219 divinis
790 2157 885 2219 rebus
899 2166 929 2219 et
941 2157 1073 2221 assiduae
1085 2159 1237 2231 orationi,
1255 2158 1396 2237 corporis
1413 2158 1538 2235 castiga-

574 2261 672 2336 tioni,
695 2262 884 2343 piorumque
910 2262 1065 2324 librorum
1087 2262 1211 2324 lectioni
1229 2260 1320 2324 valde
1337 2261 1494 2331 addictus,
1509 2267 1541 2319 ut

573 2363 799 2445 comprobatur
821 2364 851 2425 in
875 2364 1055 2426 testimonio
1077 2374 1214 2445 quatuor
1228 2364 1352 2425 testium
1376 2364 1407 2423 in
1430 2363 1537 2423 Procas.

575 2464 687 2536 Polou,
699 2483 814 2546 nempe
823 2469 861 2525 32
873 2465 928 2545 qui
943 2475 989 2526 est
1001 2466 1110 2527 consul
1124 2464 1189 2545 (lul.
1205 2468 1255 2547 34)
1269 2473 1299 2525 et
1313 2473 1405 2526 testes
1419 2469 1454 2524 57
1465 2472 1493 2523 el
1506 2468 1540 2523 59

576 2566 642 2645 (fol.
655 2569 719 2647 43),
736 2585 873 2647 quorum
890 2568 967 2627 alter
985 2576 1031 2629 est
1043 2568 1187 2629 sacerdos
1202 2567 1363 2628 Societatis
1376 2566 1457 2637 lesu,
1470 2566 1541 2626 alter

575 2671 751 2733 monachus
764 2670 885 2731 ordinis
898 2671 928 2732 S.
938 2671 1054 2741 Basilii,
1065 2683 1093 2732 et
1108 2672 1193 2732 testis
1207 2676 1240 2731 Ἠ
1256 2670 1322 2750 (iol.
1339 2673 1408 2751 58);
1423 2670 1495 2732 adeo
1510 2676 1540 2729 ut

575 2791 693 2855 paucos
703 2783 772 2854 post
787 2792 903 2846 annm,
921 2783 1082 2855 assumpto
1102 2775 1259 2855 losephO,
1282 2774 1421 2836 l'ilnensi
1443 2772 1539 2834 archi-

576 2877 733 2939 mandrita
754 2876 792 2938 ad
813 2879 908 2939 totius
922 2878 1039 2939 Russiae
1056 2877 1273 2959 metropolim,
1302 2879 1486 2959 iosaphatus
1511 2875 1538 2933 in

576 2981 643 3063 ejus
660 2980 765 3045 locum
788 2982 936 3043 suffectus
958 2990 1081 3043 creatus
1101 2982 1193 3044 luerit
1219 2982 1464 3043 archimandrita
1480 2981 1540 3043 til-

577 3085 693 3145 uensis.
711 3085 778 3157 Quo
794 3084 969 3145 inmunere
984 3104 1191 3147 summarum
1215 3086 1382 3167 prudentia
1402 3105 1470 3147 suas
1489 3102 1539 3163 op-

578 3188 653 3249 time
675 3186 818 3268 implerit
838 3198 941 3268 partes
956 3198 1050 3269 atque
1067 3190 1215 3251 omnihus
1234 3190 1341 3251 omnia
1366 3189 1478 3262 lactus,
1504 3190 1541 3249 oh

578 3289 743 3370 penuriam
762 3289 959 3351 sacerdotum
975 3291 1157 3359 unitorum,
1174 3291 1260 3351 solus
1274 3292 1382 3353 omnia
1405 3310 1480 3373 pene
1496 3309 1539 3350 ec-

578 3391 749 3452 clesiastica
761 3410 892 3452 munera
905 3391 1013 3452 obibat
1024 3441 1031 3464 ,
1043 3391 1159 3453 dirinis
1169 3390 1281 3453 officiis
1294 3393 1418 3454 assidue
1432 3395 1542 3454 interes-

579 3491 694 3564 seudo‚
707 3490 886 3572 frequenter
900 3492 1137 3562 concionando,
1155 3505 1184 3555 et
1197 3495 1350 3556 immensa
1361 3515 1432 3556 cum
1446 3493 1540 3557 chari-

581 3607 661 3672 tate,
676 3616 739 3678 qua
751 3616 862 3659 omncs
878 3597 1178 3676 hominesdiligchat
1189 3647 1196 3671 ‚
1209 3606 1244 3659 ut
1254 3598 1293 3659 de
1304 3598 1334 3660 S.
1355 3600 1444 3662 Petro
1452 3597 1542 3677 inquit

580 3700 610 3760 S.
629 3699 773 3761 Clemens
785 3718 882 3780 papa,
907 3699 1038 3779 epistola
1055 3699 1066 3759 l
1086 3749 1093 3772 ‚
1111 3700 1243 3761 salutem
1267 3701 1412 3761 omnium
1438 3716 1541 3781 procu-

579 3800 697 3877 rando,
720 3809 754 3861 ut
771 3802 976 3861 testiticantur
995 3800 1026 3860 in
1050 3801 1188 3861 Processu
1204 3800 1301 3863 Potor.
1319 3810 1411 3862 testes
1425 3807 1470 3873 59,
1488 3801 1538 3867 ss,

580 3908 636 3989 qui
650 3917 697 3968 est
708 3908 963 3989 archiepiscopus
977 3908 1172 3982 Polocensis‚
1190 3928 1227 3969 ex
1246 3908 1358 3971 ordine
1379 3908 1409 3970 S.
1431 3905 1539 3976 Basilii.

581 4011 730 4073 alumnus
748 4011 846 4092 ipsius
859 4013 1019 4095 losaplrati
1035 4062 1042 4085 ,
1058 4018 1097 4075 69
1118 4014 1172 4093 qui
1192 4021 1238 4075 est
1256 4014 1421 4095 episcopus
1436 4011 1541 4073 hietho-

581 4114 706 4184 nensiS‚
725 4121 824 4189 ac'lt‚
846 4134 966 4178 necnon
981 4124 1072 4178 testes
1088 4122 1126 4179 53
1143 4126 1172 4178 et
1187 4122 1243 4192 56,
1262 4118 1436 4179 sacerdotes
1454 4113 1541 4177 Socie-
