3259 5484
991 714 1147 792 ..47-

582 867 683 938 cibus
712 869 885 940 incubuit.
916 873 958 939 Et
984 868 1178 960 juvenilem
1209 868 1389 940 licentiam
1418 870 1563 941 otiosa-

582 1001 651 1072 que
671 981 897 1050 familiarium
920 979 1097 1073 colloquia
1125 981 1397 1062 manumittens,
1426 982 1562 1052 libellis

581 1090 649 1183 piis
674 1091 877 1161 evolvendis
899 1090 1067 1161 continuo
1092 1091 1230 1161 studuit
1248 1114 1255 1159 ε
1273 1091 1361 1161 adeo
1388 1099 1429 1161 ut
1446 1092 1560 1162 etiam

580 1201 828 1296 negotiationis
853 1202 1123 1274 oblivisceretur
1149 1187 1234 1274 suae.
1260 1203 1347 1274 llinc
1371 1227 1391 1274 a
1411 1205 1560 1275 domino

580 1333 644 1382 suo
672 1319 708 1384 et
739 1311 857 1382 verbis
884 1313 1017 1383 severis
1045 1335 1140 1406 saepe
1164 1319 1201 1384 et
1229 1313 1361 1406 pugnis
1385 1315 1561 1407 gravibus

537 1439 545 1456 ⁸
579 1429 749 1516 exceptus
771 1445 779 1491 ε
807 1444 877 1492 non
902 1444 983 1493 eum
1004 1423 1164 1504 lectioni,
1190 1423 1251 1493 scd
1271 1424 1457 1494 licitationi
1479 1448 1559 1496 asc

318 1782 394 1831 turbu
412 1783 537 1828 oeunmim.

579 1531 756 1603 allectum.
783 1531 918 1615 Quibus
937 1540 1075 1604 tantum
1095 1534 1229 1615 abfuit,
1255 1540 1295 1604 ut
1313 1533 1358 1603 ab
1387 1534 1560 1628 incoeptis

579 1644 838 1725 deterreretur,
854 1651 894 1714 ut
911 1645 1016 1715 etiam
1033 1644 1186 1738 amplius
1199 1645 1391 1716 insisteret.

623 1777 754 1844 Recens
767 1780 842 1842 turn
861 1774 994 1844 Russiae
1006 1774 1172 1845 efferbuit
1191 1775 1364 1857 schisma;
1384 1783 1421 1846 et
1432 1778 1559 1846 cuncti

578 1884 688 1955 lerme
710 1907 729 1954 a
755 1885 958 1978 pastoribus
977 1886 1051 1955 suis
1073 1886 1117 1955 ad
1138 1907 1227 1955 nova
1250 1886 1560 1957 convertebantur

576 1997 757 2067 molimina
774 2021 781 2067 :
803 1999 899 2090 quod
914 1998 981 2090 ipsi
997 2019 1017 2066 a
1032 1997 1115 2068 sede
1138 1996 1555 2090 constantinopolitana,

576 2108 776 2178 schismatis
805 2118 842 2177 ct
869 2107 1001 2177 Russiae
1031 2109 1167 2200 capite,
1196 2108 1321 2189 divisi,
1345 2115 1557 2201 sancteque

575 2224 739 2289 Romanae
772 2220 936 2290 Ecclesiae
977 2219 1142 2290 unionem
1180 2219 1356 2311 amplexi,
1388 2220 1556 2312 ejusdem

505 2421 507 2428 y
575 2337 748 2424 perpetuo
792 2351 870 2401 sese
906 2330 1163 2400 obstrinxerint
1209 2330 1393 2421 obsequio.
1438 2330 1558 2423 Igitur

573 2442 706 2522 Vilnae,
723 2441 883 2534 principe
899 2441 1096 2512 Lithuaniae
1112 2441 1219 2523 urbe,
1236 2442 1409 2512 Ruthcnis
1423 2442 1557 2513 incolis

573 2554 771 2646 antiquitus
784 2560 943 2646 patente,
957 2554 1080 2646 ingens
1096 2554 1277 2647 religionis
1294 2553 1463 2625 turbatio.
1476 2556 1557 2625 Cle

572 2691 645 2751 rus,
671 2667 852 2750 nobilitare,
868 2668 979 2749 cives,
997 2669 1201 2762 imperitum
1218 2670 1363 2761 vulgus,
1379 2670 1416 2738 in
1430 2679 1556 2763 pasto-

571 2804 628 2853 res
653 2802 736 2850 suos
767 2780 977 2872 insurgere;
1005 2780 1209 2851 sodalitium
1235 2803 1367 2852 novum
1394 2784 1556 2852 conscri-

571 2892 676 2974 bere;
699 2891 810 2962 altare
833 2897 955 2960 contra
972 2891 1082 2961 altare
1097 2891 1248 2984 erigere,
1266 2901 1303 2963 et
1321 2894 1454 2986 passim
1473 2898 1556 2966 uni·

568 3005 661 3074 versi
695 3026 737 3074 eo
771 3003 961 3074 confluere.
988 3007 1143 3075 Fuerant
1163 3005 1223 3097 qui
1259 3027 1331 3076 non
1355 3010 1461 3078 modo
1493 3033 1554 3081 sa-

568 3114 701 3195 craria,
721 3115 883 3183 fortunas
897 3115 1068 3184 Ruthcnis
1080 3115 1189 3185 unitis
1202 3116 1399 3208 eriperent,
1423 3142 1551 3190 verum

568 3227 674 3298 etiam
694 3226 867 3297 violentas
887 3248 1013 3296 manus
1029 3227 1226 3319 injicerent.
1246 3232 1288 3298 Et
1302 3229 1447 3321 quidem
1460 3254 1548 3316 ore,

568 3363 693 3423 manu,
714 3342 830 3420 ferro,
850 3340 893 3408 ad
916 3338 1144 3420 seditionem,
1173 3341 1388 3423 tumultum,
1414 3343 1551 3414 violen-

567 3454 652 3524 tiam
686 3451 940 3546 promptioreS,
977 3451 1119 3544 pietatis
1141 3452 1247 3523 etiam
1275 3460 1311 3524 et
1336 3456 1549 3527 orthodoxae

567 3565 648 3635 lidei
673 3562 905 3634 studiosiores
927 3560 1173 3633 credebantur.
1190 3567 1238 3632 Ea
1253 3570 1400 3657 propter
1421 3568 1549 3658 paucis

567 3675 688 3744 unioni
710 3673 990 3752 adhaerentibus,
1015 3676 1166 3742 loannes
1183 3673 1290 3742 etiam
1310 3696 1401 3744 nova
1423 3698 1548 3746 rerum

566 3786 731 3857 turbatus
752 3785 925 3877 imagine,
950 3806 1021 3876 quo
1034 3805 1071 3854 se
1090 3790 1244 3855 verteret
1259 3807 1406 3878 ancepS,
1422 3809 1548 3858 oracu-

565 3906 638 3976 lum
676 3903 830 3974 consulit
859 3901 1030 3972 divinum.
1068 3903 1342 3995 Illustratusque
1377 3904 1542 3986 coelitus,

563 4014 716 4084 schisma
725 4012 855 4083 odiisse
866 4010 1045 4104 impendio
1064 4010 1191 4103 coepit,
1205 4019 1241 4082 et
1251 4013 1411 4083 ecclcsiae
1426 4014 1546 4084 unito-

562 4144 641 4193 rum
652 4119 822 4190 animitus
832 4116 997 4200 adhaesit;
1016 4123 1055 4186 ut
1065 4139 1160 4209 saepc
1171 4118 1418 4211 propheticum
1429 4119 1541 4190 illud:
