3259 5484
374 2243 504 2298 Benignitra.

984 717 1163 788 ..28-

587 885 678 955 insui
693 885 891 966 mandavit,
907 885 1099 976 curruique
1115 883 1260 975 imponi.
1274 882 1468 974 loseplrum
1481 903 1570 949 vero

586 997 766 1068 Rutscium
784 1020 848 1090 per
863 998 1000 1067 litteras
1012 1003 1177 1090 precatus
1198 1003 1272 1075 est,
1299 992 1518 1071 valetudinis
1533 1002 1569 1062 et

588 1109 732 1178 honoris
758 1130 891 1190 causa,
927 1109 979 1178 uti
1013 1109 1084 1177 illis
1111 1130 1193 1177 eum
1221 1107 1390 1200 adigeret.
1430 1105 1570 1174 Annuit

588 1221 762 1300 llutseius;
775 1222 836 1291 sed
849 1221 909 1290 illo
922 1221 1145 1301 abscedente,
1158 1220 1338 1312 losaphat‚
1356 1217 1569 1287 submissio

587 1332 642 1401 nis
659 1339 695 1400 et
714 1331 934 1424 paupertatis
956 1353 1062 1423 quam
1090 1331 1143 1400 sui
1164 1330 1338 1400 commodi
1365 1329 1565 1407 amantior,

587 1442 734 1510 fratrum
748 1443 972 1534 praetendens
986 1441 1237 1534 indigentiam,
1263 1439 1418 1532 pellibus
1431 1461 1452 1508 e
1466 1447 1568 1509 veste

587 1553 716 1634 erutis,
735 1553 847 1645 pileos
862 1553 1010 1623 subduci
1025 1553 1172 1622 curavit.
1187 1557 1271 1622 Cum
1289 1573 1417 1620 sonora
1439 1557 1478 1621 et
1497 1552 1569 1620 de-

587 1670 668 1734 vota
682 1663 718 1732 in
733 1671 838 1734 cantu
852 1686 936 1759 voce
960 1670 998 1733 ut
1019 1663 1211 1756 plurimum
1228 1662 1383 1732 minores
1398 1661 1441 1730 ad
1461 1663 1568 1731 devo

589 1776 718 1845 tionem
733 1775 960 1854 accenderet,
986 1774 1149 1867 lacrymis
1170 1775 1276 1845 etiam
1297 1775 1391 1842 inter
1403 1774 1568 1866 psallen-

587 1887 669 1956 dum
680 1887 810 1967 effusis,
820 1886 864 1954 ad
875 1886 1046 1978 lacrymas
1056 1886 1231 1956 movebat.
1246 1890 1289 1955 Et
1303 1885 1386 1955 lieet
1399 1884 1568 1954 omnibus

588 2005 773 2090 paternum
800 2004 1015 2067 monstraret
1032 2000 1216 2078 allectum,
1241 1998 1420 2090 praecipue
1446 2003 1568 2065 tamen

588 2108 787 2178 litterarum
804 2107 990 2188 studiosis,
1010 2129 1072 2198 pro
1089 2107 1239 2199 quihus,
1266 2113 1306 2176 ut
1325 2106 1406 2198 plus
1430 2111 1569 2196 tempo·

588 2219 637 2288 ris
650 2218 776 2288 studiis
791 2217 1048 2310 impenderent,
1065 2241 1158 2311 saepe
1174 2218 1378 2288 monasterii
1395 2219 1568 2287 nonnulla

590 2334 760 2426 obsequia
771 2335 924 2404 subibat.
938 2339 1026 2427 Erga
1040 2335 1181 2427 fragiles
1191 2335 1379 2427 benignus
1393 2355 1474 2403 oum
1489 2335 1569 2426 qui-

588 2449 691 2529 dam,
710 2453 749 2517 ut
764 2447 967 2517 hominibus
983 2447 1130 2528 accidit,
1148 2448 1333 2539 cujusdam
1347 2448 1510 2517 delectus
1523 2449 1568 2516 ab

589 2582 630 2630 eo
644 2559 790 2630 comiter
805 2566 1032 2652 argueretur,
1051 2561 1269 2630 subsannare
1292 2567 1427 2630 temere
1451 2561 1565 2641 alius,

589 2679 624 2742 et
639 2671 791 2764 graviter
805 2672 992 2765 objurgare
1005 2696 1013 2755 ;
1032 2673 1088 2742 eui
1102 2673 1287 2764 losaphat:
1305 2673 1335 2740 si
1348 2679 1460 2742 staret
1474 2675 1564 2766 ipse,

590 2784 751 2864 timeret,
781 2806 826 2854 ne
853 2786 1005 2855 caderet.
1034 2788 1108 2867 Quo
1133 2785 1219 2854 adeo
1243 2792 1499 2877 compunctuS,
1529 2793 1569 2855 ut

591 2919 772 2988 nunquam
808 2898 956 2988 posthae
989 2896 1051 2966 ulli
1086 2896 1293 2976 oblocutus,
1329 2897 1486 2988 seipsum
1518 2898 1569 2965 in·

592 3009 812 3102 trospiceret.
830 3008 1033 3078 Communia
1046 3007 1226 3077 reficiendi
1246 3007 1353 3075 animi
1374 3014 1455 3100 post
1470 3031 1570 3079 men·
1628 3038 1629 3043 ¹

591 3143 665 3190 sam
692 3119 868 3211 colloquia
893 3119 1119 3209 frequentare
1145 3117 1251 3187 etiam
1283 3117 1361 3209 ipse
1387 3140 1458 3187 non
1488 3126 1569 3187 tar-

588 3231 715 3310 dabat,
734 3235 769 3299 et
790 3229 826 3297 in
842 3229 1012 3298 charitate
1027 3249 1097 3297 non
1120 3228 1217 3307 licta,
1246 3227 1375 3298 blande
1392 3230 1571 3300 modeste·

590 3365 659 3435 que
675 3340 999 3421 sermocinabatur3
1018 3345 1053 3408 at
1078 3361 1157 3408 eum
1180 3339 1225 3408 ob
1250 3340 1425 3409 modicum
1452 3343 1570 3410 noetis

589 3475 750 3524 somnum
774 3452 986 3544 quandoque
1012 3451 1126 3521 fessus
1146 3450 1373 3530 dormitaret,
1398 3451 1458 3519 alii
1482 3475 1570 3522 vero
1627 3492 1628 3543 l

591 3567 635 3636 ad
650 3565 740 3635 levia
764 3569 800 3632 et
823 3562 935 3631 otiosa
950 3561 1233 3641 effunderentur,
1251 3583 1335 3630 mox
1347 3562 1567 3654 expergisci,

588 3698 748 3770 arguere,
765 3674 855 3743 etad
871 3672 1086 3765 loquendum
1102 3672 1145 3740 de
1158 3671 1266 3741 rebus
1278 3672 1384 3740 saluti
1398 3673 1572 3764 proficuis
1627 3664 1628 3697 v

588 3792 755 3861 inducere
771 3786 922 3876 benigne
936 3784 1082 3854 solebat.
1098 3784 1232 3864 Evenit,
1247 3791 1288 3853 ut
1300 3787 1409 3854 trater
1421 3785 1572 3876 quidam

588 3928 607 3975 e
622 3902 756 3997 praedio
770 3902 813 3970 ad
824 3897 1077 3968 monasterium
1093 3904 1285 3977 revertens,
1304 3897 1452 3989 pallium
1468 3902 1575 3970 amit·
1626 3978 1627 3981 Ἴ

588 4021 703 4085 teret:
720 4033 799 4082 eum
814 4010 940 4079 timore
956 4008 1063 4099 igitur
1074 4007 1213 4075 veniam
1233 4013 1465 4099 precaturus,
1496 4013 1574 4082 viro

587 4126 649 4198 Dei
665 4123 874 4196 advolvitur.
901 4125 978 4213 lpse
1002 4120 1221 4189 consolatum
1237 4141 1317 4189 eum
1339 4121 1516 4193 suavibus
1530 4128 1575 4194 ad
