3259 5484
994 768 1195 839 ..138-

605 929 712 1009 videt,
727 928 955 1009 necuidetur;
968 934 1003 997 ct
1015 926 1065 997 sic
1075 930 1197 997 evasit.
1213 929 1360 999 Polociae
1373 952 1461 999 anno
1473 931 1562 1010 liiii,

605 1040 697 1109 circa
718 1041 845 1109 lestum
864 1039 1063 1132 principum
1084 1041 1322 1132 apostolorum
1350 1063 1563 1134 comparens,

605 1158 743 1220 tantum
769 1174 788 1219 a
820 1154 891 1220 Deo
921 1156 958 1221 et
981 1160 1134 1241 martyre
1160 1152 1227 1221 sibi
1252 1152 1460 1221 beneficium
1479 1177 1566 1245 prae-

606 1262 741 1343 stitum,
758 1263 923 1333 universa
938 1284 1053 1333 coram
1069 1263 1189 1355 populi
1202 1264 1429 1333 multitudine
1443 1287 1566 1356 propa-

605 1377 709 1458 lavit,
746 1385 782 1447 et
817 1377 967 1458 tabella,
1007 1400 1086 1469 quae
1111 1378 1161 1449 rei
1189 1378 1313 1449 seriem
1341 1380 1563 1471 exprimebat,

606 1486 770 1579 sepulcro
782 1496 1001 1558 contestatus
1016 1497 1081 1558 est.

331 1602 576 1657 *wilm*
647 1598 703 1667 98.
729 1598 891 1669 Nicolaus
912 1600 1065 1681 Potocki,
1090 1602 1303 1669 castellanus
1318 1602 1564 1678 cracoviensis,

604 1712 824 1783 exercituum
848 1714 999 1782 Poloniae
1021 1714 1093 1782 dux
1115 1736 1313 1806 supremus
1336 1713 1430 1783 circa
1447 1736 1565 1781 annum

606 1822 711 1902 1652,
738 1824 952 1893 intolerabili
972 1824 1121 1893 afflictus
1140 1825 1303 1917 podagrae
1325 1824 1564 1903 invaletudine,

605 1934 811 2003 auctoribus
832 1935 1041 2005 venerandis
1061 1934 1223 2027 patribus
1243 1935 1441 2003 Car-melitis
1462 1935 1566 2004 excal-

606 2044 739 2125 ceatis,
778 2045 812 2114 in
849 2046 989 2115 Podolia
1014 2046 1353 2125 Camenecensibus,
1389 2048 1566 2139 Josapbato

604 2157 729 2229 devote
754 2157 977 2250 supplicavit.
1009 2162 1093 2227 Cum
1121 2181 1203 2228 uero
1229 2158 1399 2251 particula
1421 2157 1567 2250 corporis

604 2268 693 2359 ejus,
711 2292 792 2362 qnae
805 2292 905 2341 sacra
920 2271 1102 2343 Cameneci
1118 2279 1278 2341 servatur
1292 2271 1328 2339 in
1343 2272 1419 2341 aede
1433 2276 1567 2341 Carme·

605 2379 760 2462 litarum,
783 2381 820 2450 in
843 2382 918 2451 loco
942 2384 1073 2453 doloris
1095 2384 1172 2475 ejus
1195 2384 1354 2476 apposita
1375 2384 1510 2465 luisset,
1531 2405 1567 2453 ex

605 2514 700 2561 nnnc
718 2515 761 2563 eo
776 2493 950 2564 liberatus
964 2500 1030 2565 est.

340 2627 486 2702 aarum
499 2632 568 2703 ronif
648 2611 703 2683 99.
730 2612 1054 2695 ConsulVilnensiS,
1070 2613 1480 2706 Stephanusilzepnicki,
1497 2633 1566 2682 cum

358 2704 575 2798 meppia-um
604 2724 700 2793 socia
716 2725 782 2794 tori
808 2725 1043 2805 schismatica,
1065 2725 1238 2795 Polociam
1254 2724 1396 2795 advenit
1414 2749 1421 2794 :
1439 2748 1483 2795 ex
1498 2732 1567 2793 voto

605 2837 664 2905 ille
680 2839 848 2929 iosaphat
870 2836 1035 2929 sepulcri,
1058 2836 1177 2905 fratris
1203 2836 1270 2905 ista
1294 2834 1567 2905 archimandrite

604 2947 803 3017 Polocensis
823 2947 969 3018 visendi.
994 2951 1062 3017 Nec
1086 2948 1186 3040 prius
1210 2948 1269 3017 ille
1288 2948 1450 3027 affinem,
1473 2967 1567 3038 quam

605 3080 741 3128 sacrum
759 3060 887 3138 locum,
903 3059 971 3129 ista
983 3066 1155 3131 renuente
1172 3059 1330 3131 accessit.
1346 3062 1477 3129 Tamen
1489 3057 1569 3126 victa

604 3172 953 3252 ecclcsiamintravit,
975 3172 1139 3242 unionem
1156 3178 1191 3241 et
1202 3172 1372 3263 Josapbat
1384 3169 1568 3263 procaciter

605 3285 865 3376 blasphemans.
890 3290 938 3355 Ne
965 3308 1047 3357 vero
1070 3291 1165 3355 recta
1187 3286 1230 3354 ad
1256 3284 1367 3354 altare
1392 3288 1566 3375 pergeret,

603 3416 815 3487 sacrumque
848 3387 1008 3475 audiret,
1044 3404 1139 3466 retro
1173 3395 1397 3476 columnam,
1435 3399 1569 3486 propter

603 3507 719 3600 ipsum
740 3510 968 3601 sepulcrum,
991 3517 1076 3580 tunc
1097 3510 1317 3589 obvelatum,
1348 3509 1472 3601 ignara
1493 3529 1570 3578 con-

603 3620 706 3689 sedit.
725 3624 811 3689 Ecce
832 3621 948 3691 tenuis
963 3642 1058 3690 aurae
1080 3621 1208 3691 divinae
1232 3621 1360 3691 sibilus
1384 3622 1483 3690 cordi
1505 3620 1570 3711 ejus
1616 3674 1617 3727 r

602 3734 794 3825 adspiravit
810 3758 818 3801 ε
834 3734 1016 3804 intellectu
1042 3734 1260 3813 illuminata,
1289 3733 1473 3803 voluntate
1492 3732 1570 3803 bene

603 3854 710 3925 mota,
737 3845 844 3936 inque
859 3867 1016 3914 amarum
1028 3846 1183 3915 resoluta
1193 3843 1328 3923 fletum,
1343 3864 1414 3911 non
1425 3862 1567 3934 gemere,

603 3959 664 4027 sed
686 3957 795 4026 altum
812 3957 1010 4049 singultire.
1027 3956 1326 4027 Concurrentibus
1345 3964 1481 4027 etcum
1502 3962 1571 4024 stu·
1615 4018 1616 4058 ,

604 4092 689 4161 pore
711 4068 933 4160 petentibus
959 4068 1045 4159 quid
1068 4068 1229 4159 ejularet,
1253 4067 1398 4158 templo,
1423 4067 1487 4147 ait,
1511 4084 1569 4135 non

608 4180 796 4261 exituram,
822 4180 890 4249 nisi
909 4180 1118 4261 confessam,
1144 4179 1364 4270 unitamque.
1396 4182 1478 4250 Mox
1501 4195 1569 4269 pro
