3259 5484
311 1867 393 1932 corpo·
435 1886 481 1934 post
519 1894 556 1925 sex

325 1952 408 1985 manau
428 1942 533 1996 integrum

971 719 1172 789 -rul-

587 896 651 943 nec
661 874 828 955 novisset,
847 874 973 943 similis
988 882 1104 943 tamen
1121 875 1285 964 martyris
1300 873 1545 965 imaginibuset

585 985 807 1054 noscentium
823 986 1029 1066 narrationi,
1046 986 1080 1055 in
1097 987 1216 1055 casula
1228 986 1452 1055 orientalium
1464 1009 1545 1055 com·

584 1097 702 1187 paruit
715 1096 973 1189 episcoporum,
992 1098 1111 1165 dicens
1129 1122 1137 1165 ε
1155 1097 1353 1167 invocatum
1370 1099 1542 1178 scabilla,

583 1206 730 1299 proinde
747 1213 917 1298 surgeret,
940 1208 1104 1276 maritum
1119 1209 1316 1287 accederet,
1330 1208 1544 1301 diceretque:

583 1325 766 1387 cessarcta
778 1319 929 1410 quodam
945 1319 1083 1387 delectu
1099 1322 1219 1411 (quem
1230 1319 1305 1410 ipsa
1317 1320 1352 1386 in
1366 1320 1432 1389 hoc
1445 1342 1546 1411 usquc

585 1428 783 1519 ignorasset
804 1432 958 1519 tempus)
980 1436 1016 1497 et
1038 1430 1244 1498 sanandum.
1260 1430 1467 1521 Disparente
1482 1430 1546 1498 viro

585 1541 667 1620 Dei,
697 1541 779 1610 licet
813 1543 1025 1619 torrefacta,
1054 1540 1220 1609 maritum
1250 1541 1428 1633 extemplo
1457 1541 1544 1619 adit,

584 1656 681 1743 gesta
695 1652 879 1742 propalat:
896 1650 1105 1744 obsequitur
1120 1652 1190 1731 ille,
1212 1659 1399 1744 martyrem
1415 1661 1544 1730 exorat,

584 1762 754 1854 brevique
771 1770 927 1833 sanatur.

627 1877 682 1947 65.
708 1877 763 1947 66.
789 1878 845 1947 61.
872 1882 955 1947 Cum
979 1882 1044 1949 lroc
1071 1902 1162 1949 anno
1177 1881 1220 1949 de
1244 1881 1315 1949 vila
1335 1882 1497 1973 martyris
1515 1904 1548 1948 ac

584 1990 783 2069 miraculis,
811 1990 925 2082 prima
945 1992 1190 2061 commissione
1210 1993 1387 2061 Poloocusi
1406 1993 1548 2085 inquire·

585 2110 694 2183 retur,
727 2125 863 2172 sacrum
893 2104 969 2193 ejus
989 2126 1117 2195 corpus
1137 2104 1302 2173 omnibus
1318 2116 1462 2174 exutum
1482 2105 1547 2195 jam

583 2214 790 2307 putrefactis
805 2215 1044 2295 vestimentis,
1064 2216 1232 2307 novisque
1252 2215 1435 2297 indutum,
1453 2216 1548 2285 116111-

584 2324 653 2393 bile
669 2331 705 2394 et
721 2324 987 2417 incorruptum,
1007 2325 1089 2395 licet
1103 2328 1289 2395 admodum
1306 2328 1451 2396 humido
1462 2328 1547 2417 jace-

583 2440 637 2503 ret
660 2434 747 2513 loco,
769 2435 965 2503 inventum.
983 2439 1019 2504 ln
1046 2436 1131 2505 sella
1154 2436 1234 2505 dein
1257 2437 1378 2505 multis
1401 2437 1547 2505 millibus

548 2583 554 2591 ·
583 2546 778 2625 hominum,
800 2553 840 2615 ut
863 2546 1053 2629 videretur,
1077 2548 1289 2641 expositum,
1323 2572 1401 2618 cum
1430 2550 1546 2617 sudare

365 3145 494 3189 mirabiliter.

329 4049 415 4103 Effigies
425 4063 532 4105 expressa.

582 2666 695 2728 totum
708 2660 884 2752 coepisset,
896 2662 1070 2753 magnalia
1083 2662 1143 2730 Dei
1156 2662 1372 2754 praedicabat
1389 2664 1544 2755 populus.

583 2768 723 2839 Elevata
739 2778 819 2861 post
832 2792 938 2839 manu
953 2772 1129 2862 martyris,
1144 2773 1313 2865 Georgius
1324 2772 1544 2864 Tyszkievicz,

582 2880 757 2950 Vilncnsis
778 2888 929 2973 protunc
949 2884 1210 2975 suffraganeus
1227 2884 1414 2976 episcopus
1429 2884 1548 2953 Metho-

583 2993 713 3073 nensis,
732 2995 863 3086 populo
876 2996 1069 3065 benedixit.
1088 2996 1152 3078 Qui
1169 2996 1204 3064 in
1232 3002 1347 3065 tantas
1362 3018 1464 3065 voces
1476 3016 1547 3086 pre·

583 3125 711 3196 cesque
722 3108 765 3175 ad
777 3113 966 3198 martyrem
979 3108 1152 3200 prorupit,
1164 3108 1380 3199 utcxplicari
1389 3114 1544 3199 nequeat.

582 3222 695 3311 Atque
723 3243 802 3288 cum
829 3222 912 3291 flere
944 3223 1107 3292 universa
1138 3223 1300 3314 coepisset
1334 3222 1544 3297 multitudo,

582 3334 695 3425 ipsius
712 3356 854 3425 quoque
876 3335 968 3403 oculi
984 3337 1123 3415 sudore,
1137 3359 1181 3404 an
1193 3336 1371 3426 lacrymis,
1388 3355 1549 3403 manave-

584 3456 679 3514 runt.
697 3451 765 3514 Hos
779 3448 942 3526 sudores,
957 3470 1036 3515 cum
1053 3447 1221 3539 strophiis
1236 3447 1358 3516 multis
1369 3448 1548 3539 episcopus

582 3556 821 3637 abstersisset,
840 3558 1023 3649 particulae
1039 3581 1160 3628 corum
1182 3558 1383 3627 minutatim
1413 3558 1545 3632 divisae,

583 3670 689 3737 variis
709 3671 1145 3763 cesserunt,.quotidiano
1171 3671 1303 3740 morbis
1332 3672 1367 3739 in
1392 3670 1548 3739 omnibus

583 3780 750 3848 remedio.

625 3895 680 3963 68.
709 3898 838 3965 Eodem
863 3904 1021 3988 tempore
1048 3920 1184 3969 asseres
1210 3898 1341 3967 tumbae
1372 3898 1548 3981 inferiores

582 4006 716 4075 inventi
732 4014 841 4075 totam
858 4008 1006 4099 effigiem
1029 4009 1193 4100 martyris
1215 4009 1415 4100 excepisse,
1438 4006 1549 4098 lougi-

582 4115 760 4195 tudiuem,
780 4116 1022 4198 latitudinem,
1041 4119 1281 4190 membrorum
1295 4117 1547 4210 compaginem,
