3259 5484
478 753 678 823 -ll9-

96 937 172 983 vero
190 938 357 1007 magnum
375 917 487 985 virum
504 917 761 1007 Zamoyscium,
777 916 875 1008 regui
891 918 1068 987 cancella-

94 1024 192 1104 rium,
210 1028 360 1105 monuit,
380 1049 476 1117 spem
493 1036 624 1096 certam
645 1050 682 1095 se
704 1028 835 1096 habero
851 1028 942 1119 ignis
957 1028 1068 1097 extin-

92 1137 235 1224 guendi,
252 1139 442 1206 dummodo
462 1138 538 1229 ipse
553 1160 694 1229 quoque
720 1139 864 1228 martyri
885 1139 1068 1231 supplica-

91 1255 153 1315 ret.
171 1254 215 1317 Et
228 1252 359 1318 lactum
374 1273 381 1317 ε
400 1272 464 1319 nec
477 1250 626 1319 ulterius
641 1250 770 1319 abhinc
784 1251 874 1319 edax
896 1251 1067 1342 processit

91 1357 243 1427 llamma.
254 1361 388 1429 Caelum
400 1368 517 1429 autem
529 1384 607 1429 cum
621 1362 745 1429 sudum
758 1368 863 1439 esset,
876 1361 1066 1451 derepente

92 1468 201 1538 nubes
226 1478 358 1541 exortae
383 1473 531 1564 plurim,
558 1480 670 1542 totum
696 1473 894 1553 involvere,
923 1480 1066 1567 tamque

91 1583 272 1675 copiosum
287 1584 461 1653 demisere
477 1585 645 1664 imbrem,
664 1584 802 1653 utrivis
819 1606 989 1675 aquarum
1009 1586 1067 1655 de-

91 1694 300 1778 fluentibus,
319 1697 409 1789 iguis
425 1697 629 1766 subsiderit.

132 1806 187 1874 45.
214 1810 412 1879 Alexander
427 1810 500 1876 dux
515 1807 558 1875 ab
573 1811 697 1899 Ostrog
718 1807 910 1887 Zaslavski,
934 1807 1068 1899 palati·
1095 1830 1339 1903 ouxtzmnurpm-

92 1938 154 1984 nus
167 1920 385 1998 KioviensiS‚
402 1919 497 2011 gravi
514 1920 678 2011 podagrae
691 1919 868 1987 cruciatus
883 1920 1025 1995 dolore,
1046 1942 1064 1986 a
1120 1906 1191 1946 ‘'¹⁰¹''
1209 1894 1312 1935 mmm*

92 2025 162 2094 viro
177 2030 240 2097 Dei
263 2031 464 2119 Josaphato‚
490 2028 681 2119 perfectam
702 2029 851 2119 adeptus
875 2029 1061 2097 medelam.

91 2141 252 2210 Incedere
268 2148 386 2209 tamen
399 2142 493 2209 haud
508 2142 643 2233 potuit,
660 2143 754 2233 quod
767 2164 897 2210 nervus
919 2141 954 2208 in
975 2143 1063 2233 pede

92 2257 291 2320 contractus
306 2252 522 2343 prohiberet.
539 2253 683 2321 Duobus
698 2253 862 2344 quocirca
875 2252 910 2320 in
924 2253 1062 2322 incessu

92 2357 270 2430 nitebatur
284 2362 432 2430 baculis.
450 2364 516 2431 Sed
539 2364 582 2430 ad
604 2363 682 2453 ejus
701 2384 888 2432 recurrens
904 2363 1065 2455 patroci-

92 2469 208 2553 nium,
234 2495 324 2541 novo
349 2474 550 2542 cumulatur
575 2473 896 2567 beneficio‚·uervo
916 2473 1062 2541 directe.

93 2584 200 2652 Sanus
216 2585 323 2675 igitur
338 2607 537 2675 purpureas
559 2584 751 2676 assumpsit
764 2595 902 2664 vestes,
928 2590 964 2653 et
989 2585 1067 2653 cal-

92 2713 167 2762 ceos
192 2696 344 2775 similes,
372 2702 658 2788 praetermorem
687 2696 940 2765 adstrictiores.
966 2700 1065 2778 Quo-

93 2825 239 2900 cumque
255 2831 338 2877 vero
353 2809 557 2900 prodiisset,
576 2808 684 2899 pedes
698 2808 864 2887 incessit,
891 2816 929 2877 ut
953 2809 1068 2877 bene-

95 2917 208 2990 licium
235 2929 437 2991 testaretur.
462 2921 637 3004 Quaesitus
665 2943 685 2987 a
709 2920 930 3011 gravioribus
955 2919 1064 2997 virle,

93 3031 180 3101 unde
193 3034 269 3101 haec
282 3039 377 3101 esset
390 3030 618 3111 valetudinis,
635 3031 780 3110 colonie,
799 3032 1067 3121 calceorumquc

93 3146 250 3224 mutatio,
267 3144 669 3234 dictitabat:martyrem
681 3146 872 3213 ruthenum
887 3144 1064 3234 Josaphat,

93 3253 275 3324 sanitatem
287 3254 354 3323 sibi
367 3254 562 3334 donavisse,
582 3262 617 3323 et
632 3255 710 3325 ideo
732 3255 767 3322 in
784 3253 964 3346 sanguinis
977 3254 1064 3345 ejuS,

93 3383 194 3449 quem
215 3373 468 3446 veneraretur,
497 3368 804 3447 contestationem,
835 3377 1066 3459 purpuratum

97 3471 267 3549 incedere.

132 3590 188 3659 lo.
214 3592 359 3661 Puellus
371 3593 592 3673 Athanasius,
618 3616 728 3685 nepos
753 3599 956 3685 Margaretae
983 3594 1068 3665 civis
1096 3603 1341 3711 Oeffirorppcgppffi

93 3702 309 3784 Palmensis,
339 3706 478 3775 intensa
499 3708 683 3776 oculorum
705 3708 914 3800 aegritudine
935 3730 1065 3777 annum
1124 3735 1193 3772 natur.

94 3810 276 3887 laborans.
294 3828 587 3911 excaecatusque,
606 3820 731 3890 diebus
752 3827 832 3890 octo
853 3821 939 3889 nihil
965 3822 1063 3891 vidit.

94 3924 932 4023 landemannoldllmugustill,adsepulcrum
945 3941 1071 4025 marty·

95 4033 138 4103 ris
153 4040 281 4108 ductus
294 4047 330 4107 et
345 4041 690 4131 sauguineolinteolo
706 4043 742 4109 in
752 4043 1000 4123 oculistersus,
1017 4066 1069 4112 ac·

97 4152 208 4221 tutum
220 4153 514 4234 doloribusliber,
527 4154 660 4223 lumine
671 4162 826 4247 recepto,
840 4156 959 4225 lumen
969 4155 1068 4225 vidit.
