3259 5484
454 690 633 760 -61..

17 888 38 924 :r
107 852 188 917 Cum
204 869 263 918 eas
278 847 437 917 audisset
455 846 662 938 tragoedias,
680 836 855 916 Varsaviae
871 845 907 913 in
922 844 1028 913 corni·
1056 879 1157 935 impp..
1173 881 1194 923 1,
1207 879 1299 923 „1„11,.

68 959 121 1026 tiis
141 959 193 1027 uir
214 959 275 1029 Dei
301 958 515 1027 morabatur.
534 958 666 1027 Idcirco
686 980 707 1025 a
728 958 823 1049 regia
845 957 1028 1048 majestate
1083 942 1300 1048 ζζῙξΠζῙῗΨΗΜΜ

67 1070 245 1139 memorias
261 1072 304 1139 ad
320 1071 435 1139 varias
451 1070 614 1140 civitates
644 1070 817 1149 obtinuit,
840 1070 971 1163 quibus
986 1071 1028 1139 ad

11 1243 25 1268 ¹,
67 1182 267 1275 obsequium
292 1183 444 1275 pastoris
465 1184 520 1253 sui
550 1182 641 1251 serio
667 1204 686 1250 a
711 1182 870 1274 principe
902 1204 1030 1253 mone-

65 1294 197 1364 bantur.
216 1296 317 1366 Hisce
339 1296 498 1364 munitus
512 1294 610 1365 ocius
634 1295 677 1363 ad
694 1317 797 1363 suum
813 1294 903 1364 ovile
926 1294 1029 1363 advo·

10 1459 37 1493 .,
66 1408 153 1477 lavit.
167 1410 334 1501 Adeoque
351 1409 490 1478 turbata
506 1407 639 1500 reperit
653 1408 788 1487 omnia,
803 1416 844 1475 ut
858 1406 916 1475 vix
926 1405 1029 1475 vesti-

65 1523 152 1613 gium
172 1523 314 1592 unionis
332 1514 555 1615 compererit.
575 1522 709 1614 Quippe
721 1542 914 1613 synagogas
929 1526 1029 1589 extra

7 1677 27 1723 :1
63 1636 180 1705 urbem
195 1659 260 1729 pro
274 1636 432 1707 eeclesiis
444 1636 638 1716 aedificare,
654 1636 697 1704 ad
712 1635 808 1727 ipsas
822 1654 905 1704 vero
920 1632 1028 1704 sacris

18 1823 34 1832 ,,
64 1754 250 1823 destinatas
274 1755 369 1823 aedes
393 1776 509 1846 neque
532 1754 656 1845 pedem
682 1774 844 1831 movere,
867 1750 939 1819 illie
966 1772 1029 1819 sua

64 1866 234 1936 obstinate
256 1874 452 1946 vota,eu1n
478 1865 665 1935 acconibus
685 1863 923 1934 aSrnotriscio
939 1862 1030 1931 sub-

7 2052 9 2060 4
64 1977 173 2045 missis
197 1977 379 2046 monacbis
402 1984 438 2046 et
458 1977 690 2069 presbyteris,
714 1998 900 2069 peragere,
920 1997 1030 2067 paro-

63 2089 139 2157 chos
161 2110 245 2157 suos
260 2095 510 2181 pastoremque
527 2087 705 2179 negligere
725 2087 812 2156 ausi.

6 2196 11 2280 ᾖ
102 2205 142 2268 Et
152 2223 236 2271 vero
247 2222 364 2293 operae
376 2199 527 2291 pretium
542 2196 600 2267 bio
610 2198 729 2279 fuerit,
744 2196 887 2266 maximi
903 2197 1030 2265 tumul·
1057 2228 1192 2273 1111111
1199 2228 1301 2284 roupi„

10 2334 16 2400 j
64 2316 116 2378 tus
131 2311 332 2381 Polooensis
361 2311 396 2378 in
419 2310 494 2402 ipsa
521 2310 673 2379 civitatis
689 2310 786 2379 curia
807 2310 1025 2389 meminisse,
1088 2291 1273 2335 ⁹⁰¹⁰⁶³⁸⁰¹⁰⁵¹¹¹''

12 2473 15 2511 3
63 2422 120 2513 qui
153 2444 247 2491 anno
279 2421 365 2491 1622
407 2420 443 2489 in
472 2422 702 2512 iosaphatum
735 2422 872 2489 excitus
899 2420 1024 2488 suerat.

10 2563 15 2626 4
61 2536 243 2625 Assumpto
258 2532 318 2601 ille
334 2520 501 2605 Michaele
516 2531 714 2601 ¹Sokolinski
729 2531 885 2622 palatino
905 2530 1026 2609 unito,

8 2735 17 2743 Ἴ,
60 2649 221 2719 Michaele
235 2643 453 2741 Tyszkievica
466 2649 658 2741 vioejudice
671 2649 856 2729 terrestri,
881 2648 1028 2739 aliisque

7 2827 15 2856 Ἴ,
61 2760 140 2829 viris
164 2762 369 2841 catholieiS,
388 2761 517 2841 unitiS,
545 2761 704 2841 clericis,
733 2760 901 2852 laicisque
924 2760 1030 2829 Polo-

6 2912 17 2964 ,
61 2875 243 2955 censione,
262 2875 395 2944 curiam
411 2875 508 2944 111111,
530 2879 573 2944 nt
587 2897 666 2945 curn
683 2876 907 2944 demandato
923 2874 1027 2966 pala-

60 2984 142 3067 tini,
170 2988 223 3054 uti
257 2987 367 3056 totius
389 2987 605 3079 palatinatns
630 2987 830 3057 Polocensis
857 2985 1027 3077 principis

17 3161 19 3168 ,
59 3097 132 3177 viri,
148 3099 286 3190 signum
303 3100 394 3169 nolae
409 3100 588 3192 pulsatum
602 3101 743 3181 fuisset,
763 3107 837 3169 tota
852 3122 931 3169 cum
946 3121 1026 3167 rna-

58 3215 204 3303 gistratu
221 3216 264 3284 ad
279 3216 413 3284 curiam
427 3216 597 3284 confluxit
609 3216 744 3286 civitas.
772 3216 854 3307 Legi
870 3221 945 3283 turn
962 3215 1026 3282 lit-

7 3399 10 3408 ,
60 3329 268 3420 teraeregiae
295 3330 490 3420 majestatis
523 3337 667 3422 caepta,
705 3330 741 3397 in
775 3329 906 3421 quibus
936 3327 1025 3397 velle

58 3442 187 3531 regiam
199 3440 431 3532 majestatem,
450 3448 489 3509 ut
500 3443 689 3533 Josapbato
701 3440 799 3509 unito
810 3447 846 3509 et
859 3445 892 3509 S.
908 3444 1029 3508 Rorna-

12 3619 14 3626 1
57 3571 109 3619 nae
121 3551 287 3621 Ecclesiae
301 3551 492 3631 obedienti,
508 3573 578 3620 non
589 3572 671 3620 vero
682 3550 877 3641 majestatis
888 3572 961 3619 snae
970 3572 1029 3619 reo

57 3662 276 3741 Smotrisoio,
304 3684 426 3733 omnes
446 3662 481 3729 in
505 3654 685 3731 Poloeensi
711 3662 853 3731 dioecesi
879 3661 1031 3731 existen·

57 3777 108 3840 tes
125 3773 216 3841 ritus
230 3773 335 3864 graeci
347 3775 498 3844 Rutheni
511 3775 814 3866 obsequerentur,
824 3780 859 3843 11
870 3774 1028 3842 eamdem

56 3885 263 3953 catholicam
287 3887 538 3977 profiterentur
574 3888 764 3972 unionem.¹
780 3885 1025 3966 Frendebant,

7 4077 8 4080 Ἴ
55 4010 134 4057 cum
150 3991 353 4083 legerentur
366 3992 504 4061 litterae.
522 3993 706 4073 Perlectis,
729 3991 1028 4084 Josapbatpauois

56 4103 239 4195 alloquens
261 4104 371 4183 11111,
402 4125 439 4174 se
467 4105 612 4175 unitum
627 4104 921 4195 obedientemque
949 4102 1029 4172 Sodi
