3259 5484
462 688 664 761 -las-

94 852 212 921 vultum
232 877 372 946 quoque
387 854 523 945 ipsum,
541 860 647 945 capnt
667 853 813 944 iusuper
828 875 907 923 cum
923 852 1044 931 mitra,

93 966 187 1035 vivaci
199 969 301 1036 modo
315 990 484 1060 expressa
500 990 507 1035 :
524 974 599 1037 esto
625 966 692 1035 sub
707 988 853 1058 corpore
874 972 995 1044 strata,
1012 974 1047 1035 et

93 1080 259 1148 cervicalia
279 1082 349 1149 duo
372 1081 438 1149 sub
451 1080 565 1173 capite
579 1080 740 1150 fuissent.

127 1191 176 1259 69.
202 1192 405 1262 Smolenscii
429 1192 606 1263 Michaelis
630 1192 838 1263 Orecbovicz
865 1192 950 1262 civis
976 1193 1046 1261 lilia

91 1302 185 1393 virgo,
207 1326 297 1373 anno
319 1310 527 1373 restauratae
543 1303 667 1372 salutis
696 1303 800 1384 tola,
820 1303 855 1372 in
872 1304 974 1395 julio,
1000 1303 1046 1372 ob

91 1414 202 1484 febrim
218 1416 407 1508 malignam
422 1414 650 1494 moribunda,
668 1415 712 1483 ab
728 1416 938 1507 Hieronymo
958 1415 1048 1484 reli-

90 1527 176 1617 gioso
195 1529 327 1599 ordinis
346 1528 536 1606 Minorum,
554 1548 634 1595 cum
651 1526 860 1618 parentibus
877 1526 950 1595 suis
968 1548 1048 1595 mo-

89 1639 170 1719 nita,
205 1640 275 1709 divi
304 1639 472 1730 Josapbat
498 1659 601 1728 opem
628 1637 844 1728 imploraret.
873 1636 1045 1730 Deditque

88 1749 130 1817 illi
144 1753 330 1843 particulas
349 1754 478 1844 panni,
497 1751 645 1843 strupbii
670 1756 706 1819 et
719 1750 824 1819 cilicii
844 1750 940 1841 ejus,
959 1773 1046 1819 san-

88 1862 180 1950 guine
202 1864 380 1933 intinctas.
408 1864 462 1931 Nil
486 1863 612 1931 morati
641 1862 772 1955 etipsa
799 1871 836 1933 et
856 1870 1041 1955 parentes,

88 1976 236 2065 martyris
261 1975 476 2067 adjutorium
519 1973 693 2043 submisse
709 1975 911 2065 deposcere,
937 1983 1043 2066 atque

86 2085 167 2156 intra
188 2075 309 2159 horam
332 2110 493 2157 somnum
512 2088 554 2156 de
569 2109 715 2178 vespere
737 2087 956 2179 concipiens,
981 2110 1044 2180 per

87 2205 210 2269 noctem
224 2202 259 2268 in
274 2200 366 2270 diem
386 2198 615 2267 continuavit.
634 2200 807 2290 Lethargo
820 2197 916 2265 illam
930 2198 1042 2290 premi

88 2330 201 2397 pareus
227 2312 481 2404 permitescens
505 2310 682 2379 excitavit.
709 2311 752 2378 At
770 2310 830 2378 illa
848 2310 1039 2402 conqueri:

87 2420 158 2508 quid
168 2423 231 2491 sibi
244 2423 411 2492 fecisset?
426 2445 521 2492 nunc
534 2422 626 2516 apud
641 2444 678 2491 se
689 2423 797 2493 luisse
811 2424 929 2491 divum
949 2428 1043 2491 losa·
1082 2429 1302 2535 ¹⁰⁸¹¹2²1¹2,2l,¹:·¹⁶'·

86 2534 173 2620 phat,
198 2543 232 2606 et
256 2536 445 2611 consolatae
461 2536 647 2605 sanitatem
667 2536 1041 2629 pollicitum,·pulsum
1244 2525 1248 2535 ’

85 2666 239 2717 venarum
259 2651 296 2718 in
319 2650 456 2741 capite,
474 2650 649 2729 manibus,
675 2656 850 2741 caputque
866 2649 981 2742 ipsum
1007 2659 1041 2719 et

85 2762 238 2833 cervicem
255 2764 438 2835 inunxisse
459 2788 466 2832 :
488 2764 681 2855 etquidem
697 2763 785 2834 facie
807 2763 1037 2843 subrubeum,

85 2869 179 2943 barba
215 2876 387 2969 nigriore,
421 2876 515 2968 pileo
551 2881 701 2954 tectum,
738 2874 883 2965 jamque
913 2874 1042 2943 vulnus
1107 2934 1111 2943 .

84 2986 194 3076 capitis
204 2995 401 3057 monstrare
416 2988 582 3068 voluisse;
594 2983 750 3077 floreque
764 2987 911 3079 incoepit
927 2990 1040 3080 :quod

84 3115 148 3164 cam
166 3102 380 3172 suscitasset.
406 3107 548 3173 lnterim
571 3111 688 3175 lamen
718 3106 855 3199 integro
881 3106 1041 3175 sanitatis

83 3210 229 3282 restituta
248 3214 368 3307 vigori.

118 3319 166 3390 70.
193 3327 321 3394 Eodem
337 3349 429 3396 anno
447 3328 632 3397 vexilliferi
648 3330 895 3409 Slonimensis,
929 3336 1042 3400 Geor·
1069 3334 1132 3378 ”⁰¹⁰¹
1147 3338 1255 3441 futrum
1273 3340 1314 3381 Ἰἰ-

80 3429 120 3517 gii
139 3437 306 3522 Melesnko
332 3440 491 3531 conjugis
521 3441 658 3521 ancilla,
691 3444 820 3512 nobilis
848 3448 1041 3536 Margareta
1106 3410 1146 3451 φο
1166 3408 1274 3449 unum,

81 3543 295 3630 Sollanovna,
326 3550 462 3642 aliquot
478 3552 579 3620 annis
601 3555 726 3646 capitis
743 3562 777 3624 et
797 3556 889 3625 oculi
907 3556 1041 3625 sinistri

81 3650 265 3740 doloribus,
285 3662 374 3731 adeo
388 3662 588 3744 laborabat,
616 3674 653 3733 ut
675 3666 814 3736 difficile
837 3688 876 3734 ac
897 3690 1040 3759 perrare

82 3764 282 3851 quiesceret,
299 3779 335 3840 et
350 3772 408 3840 vix
434 3774 615 3865 quidpiam
629 3775 831 3868 dispiceret.
849 3782 1037 3869 Postquam

73 3871 202 3949 ,linteoli
221 3906 303 3975 pars
322 3886 492 3977 sanguine
513 3890 678 3979 martyris
702 3889 810 3958 tincta
826 3892 928 3960 oculo
947 3913 1040 3985 aegro

81 3982 229 4079 imposita
260 3996 404 4077 luisset,
438 4001 555 4068 statim
586 4002 629 4069 ab
654 4004 750 4071 omni
780 4006 900 4076 dolore
930 4005 1040 4075 libera

80 4105 213 4178 exstitit.
