3259 5484
468 692 669 761 -193-

106 848 137 909 tis
148 848 260 911 salibus
269 856 300 910 et
311 850 434 929 magnis
447 848 661 911 luminaribus
670 848 819 911 clariores
832 897 838 921 ‚
851 857 882 910 ct
893 847 1060 911 conferunt

104 952 271 1012 carminat).
288 950 427 1030 Gregorii
440 950 623 1015 Nazianzeni
641 950 673 1012 in
690 950 818 1012 iambico
834 953 872 1012 18
890 972 896 1009 :

363 1202 618 1217 .......
652 1166 742 1219 Orbem
754 1172 834 1219 tetam

238 1273 344 1339 Fulgore
355 1274 492 1338 complent,
506 1273 615 1324 siderum
628 1273 653 1324 in
667 1289 760 1325 merem
771 1311 778 1333 ‚
791 1272 858 1323 illins

239 1376 360 1430 Macistus
373 1375 482 1441 estqui,
494 1380 612 1441 martyres
625 1373 756 1425 clarissimi
773 1378 789 1423 ¹.

135 1557 261 1644 Quarta,
278 1570 311 1629 in
326 1569 505 1632 visitatione
518 1570 671 1652 corporis,
689 1588 744 1632 seu
755 1570 991 1643 exliumatione,
1013 1558 1063 1633 ia-

102 1688 200 1751 crymas
222 1681 386 1733 manantes
404 1691 442 1733 ex
466 1673 567 1735 oculis
588 1680 618 1733 et
632 1670 760 1734 sudore
782 1670 884 1735 fronte
904 1674 1065 1754 profluens

103 1782 273 1855 corrspectus
297 1772 376 1847 fuit,
395 1782 431 1835 ut
453 1774 590 1836 liabetur·
612 1774 643 1836 in
656 1774 808 1837 Relaticnc
834 1774 1015 1836 visitationis
1033 1775 1065 1834 in

99 1901 219 1961 processu
230 1882 298 1963 (foi.
314 1884 367 1963 69)
379 1892 410 1945 et
424 1884 559 1945 affirmat
570 1886 609 1946 68
624 1884 720 1952 testis,
733 1883 788 1965 qni
802 1892 848 1945 est
861 1883 1066 1965 archicpiscc

103 2002 153 2064 pus
165 1986 341 2050 Polocensis
357 2008 364 2047 :
379 1988 469 2069 quasi
492 1987 766 2050 schismaticorum
781 1987 988 2069 pertinaciam
1007 1986 1065 2049 ds-

104 2092 245 2172 ploraret,
263 2102 295 2155 et
309 2092 413 2155 adhuc
424 2092 593 2154 desudaret
608 2108 667 2175 pro
681 2092 866 2154 eorumdem
883 2092 1067 2154 reductione

103 2194 135 2256 ad
149 2197 248 2258 sinum
270 2205 386 2257 sanctia
403 2196 512 2258 matris
525 2190 690 2271 Ecclesiae3
707 2215 830 2259 necnon
845 2197 876 2257 in
887 2194 997 2257 eadem
1016 2192 1065 2258 vi*

102 2297 233 2359 sitaticne
258 2296 454 2379 deprehensa
477 2295 536 2359 fnit
559 2298 592 2357 in
615 2315 747 2378 corpore
768 2297 930 2379 iosaphati
952 2310 1067 2375 magnit

103 2397 288 2473 flexibilitas,
311 2398 441 2481 perinde
464 2418 499 2461 ac
522 2400 547 2459 si
562 2399 678 2461 vireret
690 2409 784 2479 atque
803 2398 908 2461 adhuc
923 2399 1064 2481 spiraret.

102 2501 165 2575 Qua
179 2504 222 2565 uti
236 2502 395 2564 mirabilia
412 2504 586 2565 sanctitatis
600 2503 715 2565 indicia
730 2501 923 2565 considerari
944 2504 1065 2575 solent,

102 2613 128 2665 st
146 2607 310 2669 traduntur·
330 2605 370 2667 de
390 2624 522 2688 corpore
534 2608 568 2667 B.
588 2607 696 2669 Jacobi
711 2606 750 2668 de
765 2608 904 2669 Marchia
919 2656 926 2682 ,
943 2608 987 2669 uti
1008 2606 1067 2669 fuit

104 2707 302 2784 ponderatum
318 2708 350 2768 in
365 2708 519 2769 Iielntione
530 2708 561 2771 S.
578 2710 733 2769 Francisn‘
745 2710 881 2786 Xcverii
897 2716 928 2772 in
940 2716 958 2772 1
970 2711 1068 2772 mt'rc-

103 2806 157 2867 caio
164 2817 231 2889 post
240 2817 377 2869 mortem.

135 2911 262 2986 Quinta,
279 2930 353 2973 cum
368 2912 448 2974 servi
467 2912 520 2974 Dei
542 2930 659 2994 corpus
676 2912 811 2975 Vitcbsci
835 2913 1009 2976 deferretur
1028 2914 1068 2976 ab

102 3014 221 3076 ecclesia
236 3014 277 3075 ad
291 3014 469 3094 navigium,
486 3014 645 3077 Polociam
659 3016 748 3077 Duna
769 3017 900 3078 flumine
914 3016 1069 3080 advehen-

101 3110 185 3189 dum,
199 3126 230 3178 et
245 3116 379 3178 transire
398 3116 560 3179 accidisset
574 3117 663 3198 Juxta
683 3136 874 3198 synagogam
893 3119 1068 3181 calvinisti-

100 3234 180 3293 cam,
209 3219 311 3292 calix,
335 3220 391 3300 qni
413 3238 508 3302 supra
531 3219 681 3281 feretrum
704 3228 850 3296 steterat,
874 3230 985 3304 sponte
1012 3241 1069 3284 sua

101 3316 234 3382 inversus
247 3328 303 3393 est,
319 3318 469 3382 funiculis
482 3321 615 3382 omnino
628 3322 767 3403 irruptis,
781 3321 899 3402 quibus
911 3323 986 3384 hinc
996 3321 1069 3385 inde

101 3422 190 3483 serico
211 3420 347 3482 feretrali
369 3419 470 3483 iuerat
489 3422 655 3501 alligatuS‚
671 3440 745 3483 curn
757 3441 880 3505 semper
896 3432 988 3485 antea
1006 3424 1069 3484 im-

101 3525 204 3584 motus
216 3524 366 3596 stetisset,
382 3523 477 3585 etiam
491 3542 566 3585 cum
584 3522 623 3584 de
647 3533 754 3586 monte
776 3525 949 3606 asperrimo
965 3524 1069 3587 descr-

101 3633 188 3687 rctun
207 3627 253 3689 ita
264 3626 305 3689 de
320 3627 390 3689 visu
401 3625 567 3707 deponunt
581 3644 634 3687 sex
646 3634 748 3700 testes,
763 3627 1067 3704 normannicam,

100 3730 144 3802 98,
160 3733 217 3793 102
227 3738 259 3792 et
274 3733 332 3793 103
346 3750 356 3804 3
372 3727 411 3790 de
427 3729 537 3792 auditu
552 3747 626 3792 vero
651 3738 682 3791 ct
704 3729 923 3812 publicavere
943 3739 973 3793 et
987 3730 1071 3795 sama

99 3835 183 3891 testes
196 3837 232 3895 91
245 3840 277 3893 et
292 3834 345 3893 101
364 3831 397 3891 in
412 3829 548 3892 Processu
564 3829 720 3891 Poiocensi.
738 3830 772 3892 in
788 3850 852 3912 qua
866 3832 973 3895 calicis
986 3832 1073 3897 ever¹¹

100 3932 181 3995 sione
195 3935 279 3997 Dens
296 3934 484 3998 mirabiliter
499 3932 697 3996 manifestare
721 3936 857 3997 voluisse
881 3935 1021 4013 videtur,
1039 3940 1071 4001 in

129 4156 136 4183 ¹
153 4155 199 4206 Ed.
217 4144 309 4215 Paris,
327 4154 455 4217 11].1630,
469 4160 487 4204 t.
500 4153 537 4216 ll,
551 4170 574 4220 p.
587 4154 643 4205 216.
