3259 5484
937 732 1138 801 -152-

550 890 718 972 prudentia
728 891 869 953 bumana
884 891 913 953 in
925 891 1070 973 praesenti
1080 910 1185 953 rerum
1195 902 1277 954 statu
1288 911 1351 955 non
1363 892 1522 955 suaderet:

550 990 635 1052 unde
645 990 843 1053 admirationi
858 990 916 1053 fuit
926 991 1084 1054 omnibus.
1098 992 1181 1054 Licet
1193 1010 1268 1072 ergo
1279 992 1318 1053 dc
1331 993 1384 1055 tali
1395 994 1525 1055 homine

550 1110 566 1153 a
590 1090 681 1153 nobis
702 1092 908 1173 corporaliter
931 1094 1040 1155 avulso
1062 1094 1241 1156 communis
1264 1093 1408 1155 omnium
1431 1092 1526 1155 fuerit

549 1191 693 1266 tristitia,
709 1200 814 1253 tamen
832 1193 862 1253 in
882 1202 1032 1274 promptu
1054 1199 1099 1253 est
1120 1192 1225 1272 magni
1249 1192 1355 1271 gaudii
1377 1194 1522 1264 eccesie,

549 1288 735 1368 martyrium
761 1288 829 1369 ejus
858 1288 1052 1369 gloriosum,
1078 1288 1164 1370 quod
1188 1288 1295 1351 animo
1316 1288 1386 1351 forti
1415 1288 1522 1351 subiit.

547 1390 637 1453 Unde
659 1391 734 1453 certi
753 1410 878 1465 sumus,
895 1390 980 1473 quod
996 1392 1068 1469 plus
1082 1408 1140 1472 pro
1155 1399 1260 1452 sancta
1274 1390 1395 1452 Unione
1408 1408 1524 1471 opera-

547 1493 633 1555 bitur
646 1493 677 1553 in
695 1492 803 1565 coelis,
826 1511 922 1573 quam
944 1492 1068 1573 operari
1087 1492 1239 1573 potuisset
1262 1491 1294 1552 in
1324 1492 1424 1553 torris
1447 1490 1524 1552 Mihi

545 1603 628 1657 certe
640 1595 672 1655 in
685 1594 835 1656 omnibus
852 1594 1110 1657 tribulationibus
1131 1595 1226 1668 meis,
1252 1614 1323 1676 quae
1347 1594 1525 1677 frequentes

545 1706 619 1760 snut
634 1717 690 1780 per
700 1698 833 1777 gratiam
849 1699 919 1772 Ilei,
937 1699 1002 1779 ipsc
1015 1697 1074 1759 suit
1087 1698 1217 1759 unicum
1233 1698 1373 1760 solamen
1388 1707 1418 1760 et
1433 1699 1523 1759 leva-

545 1822 638 1863 men:
657 1801 741 1864 unde
753 1820 840 1861 nunc
855 1809 1006 1882 tanquam
1022 1809 1126 1863 turtur
1139 1800 1216 1863 orba
1239 1801 1324 1863 socio
1343 1820 1467 1881 gemam
1491 1802 1522 1861 in

545 1906 605 1968 hac
617 1906 731 1967 misera
745 1904 995 1987 peregrinatione
1009 1923 1088 1977 mea,
1100 1903 1311 1986 exspectando
1325 1904 1524 1984 horamque

544 2008 647 2070 trahet
661 2028 712 2069 me
724 2016 795 2091 post
808 2027 841 2069 se
853 2030 861 2081 3
878 2016 909 2068 et
924 2007 1045 2069 utinam
1060 2006 1175 2086 diguus
1190 2007 1249 2068 sim
1263 2007 1344 2068 trabi
1358 2006 1412 2068 tali
1428 2006 1520 2077 sune,

544 2110 632 2193 quali
648 2110 713 2192 ipse
729 2117 848 2171 tractus
862 2110 924 2170 estl

582 2319 759 2400 Antequam
787 2326 892 2379 tamon
919 2318 980 2379 boc
1008 2318 1084 2389 stat,
1115 2335 1257 2380 mearum
1287 2317 1425 2398 partium
1457 2324 1523 2378 erat

543 2440 719 2504 proponere
735 2420 921 2483 Eminentiae
935 2420 1051 2482 Vestrae
1066 2429 1096 2481 ct
1108 2420 1202 2483 simul
1215 2420 1440 2483 commendare
1455 2421 1522 2482 baec

543 2523 618 2587 duo.
642 2524 768 2598 Primo,
797 2530 832 2585 ut
858 2522 1096 2606 quamprimum
1123 2522 1328 2585 seminarium
1358 2523 1389 2583 in
1413 2524 1521 2586 Russia

544 2629 736 2713 perducatur
756 2629 795 2691 ad
820 2629 935 2703 fidem,
961 2636 992 2690 et
1017 2629 1233 2691 committatur
1254 2629 1385 2693 domino
1405 2631 1521 2693 Nuntio

544 2732 715 2816 apostolico
730 2733 782 2794 bic
797 2732 965 2807 residenti,
982 2741 1018 2793 ut
1036 2742 1187 2795 convocet
1206 2751 1265 2795 nos
1286 2732 1470 2815 episcopm,
1492 2742 1521 2795 et

543 2839 647 2919 exigat
661 2857 679 2900 a
692 2836 784 2901 nobis
797 2856 937 2899 annuam
952 2838 1220 2900 contributionem
1235 2856 1293 2919 pro
1305 2837 1416 2901 eodem
1433 2840 1520 2901 semi-

543 2942 634 3002 nario
641 2963 649 3016 ;
666 2940 790 3003 dabunt
801 2941 854 3004 alii
868 2941 1012 3015 libenter,
1029 2940 1082 3002 alii
1095 2950 1282 3003 reverenter.
1294 2941 1450 3015 Secundo,
1460 2942 1520 3004 Sua

544 3043 713 3117 Sanctitas,
728 3062 782 3105 seu
797 3043 950 3123 Congreg.
973 3060 1060 3103 sacra
1075 3040 1114 3103 de
1133 3042 1264 3124 Propag.
1290 3042 1364 3105 Fide
1387 3043 1519 3104 scribere

542 3143 690 3223 dignetur
704 3144 743 3207 ad
756 3145 990 3206 serenissimum
1010 3162 1114 3224 regem
1140 3151 1303 3219 nostrum,
1323 3152 1357 3207 ut
1382 3144 1518 3226 pseudo·
1619 3122 1620 3150 ³

542 3253 776 3334 metropolitam
784 3261 815 3313 et
824 3253 987 3335 episcopos
994 3250 1134 3333 ejusdem
1146 3251 1265 3326 farinae,
1276 3260 1348 3313 ante
1356 3252 1518 3314 biennium

542 3361 653 3415 contra
677 3371 736 3416 nos
755 3353 912 3433 legitimos
938 3352 1112 3435 episcopos
1126 3361 1236 3415 contra
1257 3354 1329 3436 jura
1354 3354 1463 3417 divina
1485 3338 1518 3414 ⁴ct

543 3456 685 3517 humana
710 3454 895 3528 ordinatoS,
922 3454 1105 3516 auctoritate
1134 3472 1189 3516 sua
1219 3455 1303 3533 regia
1332 3455 1517 3517 submovere
1618 3446 1619 3463 ¹

541 3559 688 3638 dignetur
705 3579 710 3618 :
728 3557 769 3619 ab
783 3557 846 3620 illis
860 3558 944 3619 enim
960 3558 1091 3619 veniunt
1104 3557 1169 3619 istae
1186 3557 1378 3640 populorum
1397 3556 1517 3619 seditio-

541 3680 612 3734 nes,
630 3658 843 3732 saccrdotum,
865 3660 964 3722 immo
987 3668 1018 3720 et
1040 3659 1261 3740 episcoporum
1277 3666 1404 3720 mortes.
1431 3656 1516 3731 Quod

543 3764 701 3844 reliquum
722 3772 788 3838 est,
815 3764 896 3824 Deus
916 3762 986 3844 Opt.
1009 3764 1089 3825 Max.
1114 3763 1148 3825 Ε.
1174 3763 1209 3825 v.
1236 3761 1381 3823 Ecclesiae
1406 3768 1515 3823 sanctae
1617 3840 1618 3843 Ἴ

540 3885 576 3928 ac
588 3865 769 3948 reipublicae
781 3865 960 3927 christianae
972 3875 1072 3927 servet
1081 3864 1256 3927 diutissime
1271 3865 1471 3927 incolumem.

582 4003 812 4104 Novogrodeei,
830 4030 866 4085 nt
879 4025 1016 4107 januarii
1033 4030 1118 4087 tout.
