3259 5484
432 728 478 745 -
499 690 633 777 217,-

23 869 24 910 3
103 847 160 910 Non
172 868 294 926 eurum,
306 868 459 931 gemmas,
471 850 603 935 lapides,
618 850 755 926 cimelia,
769 850 871 925 villas,

169 952 275 1030 Urbes,
290 974 370 1017 neve
380 973 454 1018 sues
466 972 535 1017 esee
547 952 691 1037 profatur
699 972 777 1037 opes
782 973 793 1029 3

102 1053 152 1117 Sed
164 1057 243 1120 Deus
259 1068 306 1121 est
319 1059 379 1141 ipsi
391 1058 481 1122 dives
494 1058 650 1141 possessio
658 1058 735 1122 divo
751 1080 758 1121 :

170 1160 272 1225 Heres
282 1162 337 1225 ille
350 1162 406 1224 Dei
418 1169 477 1237 eet,
490 1162 578 1225 iilius
589 1161 657 1243 ipse
671 1161 765 1224 Deus.

101 1260 214 1326 sinens
226 1274 274 1328 est
287 1264 358 1329 fuso
369 1264 434 1328 divi
446 1282 506 1349 pro
516 1263 671 1344 sanguine
683 1282 820 1337 memes,

169 1366 246 1441 Quid
262 1368 364 1450 pretio
378 1367 482 1449 majus
497 1366 660 1447 sanguinis
675 1384 743 1431 esse
757 1368 883 1450 potest?

99 1537 148 1611 Qui
157 1560 262 1606 versus
269 1544 317 1607 vel
330 1544 401 1607 ideo
415 1562 480 1608 non
491 1552 583 1607 erent
591 1544 644 1607 hic
653 1542 923 1627 pretermittendi,
935 1542 1021 1625 quod

69 1637 93 1697 in
115 1644 203 1705 veteri
226 1645 365 1709 editione
389 1646 539 1726 leguntur
562 1645 595 1707 in
621 1645 689 1728 ipsa
710 1643 813 1709 fronte
836 1644 1019 1719 voluminis,

68 1738 145 1805 simul
158 1753 187 1807 et
197 1748 357 1829 specimen
370 1746 533 1829 quoddam
547 1747 689 1831 prebent
701 1755 889 1809 caeterorum
902 1746 1020 1808 carmi-

68 1860 141 1919 num,
156 1867 224 1931 quae
236 1852 384 1931 leguntur
400 1848 520 1911 ibidem
534 1867 634 1932 epeg.
650 1852 708 1911 139
724 1847 764 1910 ad
778 1847 941 1921 ultimam,
966 1864 1021 1909 seu

70 1944 100 2003 ad
114 1952 176 2024 151,
191 1962 351 2033 praeeunte
363 1952 457 2015 titulo
471 1973 478 2013 ε
493 1951 588 2015 Sacra
599 1960 629 2014 et
640 1950 792 2033 perbrevis
802 1953 897 2033 poesis
910 1949 945 2012 de
959 1949 1021 2012 vita

68 2053 90 2101 et
100 2054 239 2133 martyrio
251 2056 288 2117 B.
303 2054 462 2136 demphe&
483 2061 516 2115 at
539 2071 620 2135 ques
638 2052 672 2115 in
695 2070 775 2115 nove
798 2052 859 2114 hae
886 2050 1022 2113 editione

69 2146 172 2215 silentio
189 2175 331 2238 premere
354 2157 452 2220 suasit
477 2156 636 2219 brevitatis
657 2155 817 2230 studium,
847 2154 1022 2238 praesertim

23 2249 26 2259 '
68 2264 150 2326 quum
163 2264 193 2317 et
206 2268 314 2322 auctor
327 2278 439 2323 eorum
455 2278 512 2322 nos
522 2259 655 2322 omnino
664 2260 776 2333 lateat,
789 2268 822 2321 et
833 2258 1019 2342 ampliatum

68 2349 166 2417 eisdem
182 2361 330 2423 volumen
356 2369 502 2425 nostrum
529 2361 759 2445 potiusquam
783 2369 934 2425 ornatum
955 2380 1022 2423 esse

68 2452 215 2527 videretur.
282 2513 286 2519 .
