3259 5484
424 776 626 847 -139-

52 938 143 1016 trito,
176 934 314 1005 meritis
334 933 528 1026 losaphati,
555 931 756 1011 schismate,
779 952 858 1000 cum
880 929 1010 1009 nollet,

51 1046 218 1117 ardentior
233 1047 325 1114 facta
339 1045 523 1114 catholica.

88 1157 159 1227 1011.
185 1161 270 1226 Cum
287 1163 396 1225 totam
410 1157 483 1226 fere
497 1160 635 1226 Moscus
649 1161 858 1246 occupasset
876 1152 1016 1223 Lilbua·

51 1268 145 1349 niam,
163 1290 256 1337 anno
280 1269 378 1349 loeo,
410 1269 528 1337 triduo
550 1274 632 1339 ante
660 1270 789 1337 festum
813 1267 1013 1359 principum

51 1382 292 1471 apostolorum,
304 1381 606 1473 PaulusSapieba,
630 1380 810 1472 palatinus
824 1379 1011 1460 Vilnensis,

51 1492 259 1561 exercituum
297 1492 494 1561 Litbuaniae
528 1515 717 1585 supremus
751 1494 844 1573 dux,
892 1493 1014 1585 paucis

50 1602 234 1683 Litbuanis,
252 1606 453 1695 Stephanus
466 1604 667 1683 Czarnecld,
685 1611 760 1673 turn
772 1603 918 1684 Russiae,
934 1612 1014 1696 post

50 1712 168 1783 Kiouiae
193 1714 392 1806 palatinus,
418 1714 645 1806 paucioribus
670 1715 821 1794 Polonis,
850 1715 1014 1784 instructi

50 1828 148 1918 copiis
167 1851 175 1896 :
191 1828 324 1920 quibus
337 1828 395 1896 vix
410 1835 490 1897 octo
503 1837 702 1920 aequarunt,
715 1851 785 1898 non
801 1834 1015 1920 superarunt
1040 1845 1134 1888 vicero
1151 1844 1240 1887 cerebris
1258 1844 1284 1887 de

50 1938 191 2007 militum
220 1938 343 2007 millia.
366 1938 478 2007 ambo
506 1945 544 2007 ut
571 1939 796 2031 magnanimi,
814 1939 863 2007 sie
880 1938 1012 2007 strenui
1067 1906 1285 2025 pomarum

51 2049 184 2130 heroes,
218 2071 389 2142 generose
425 2050 524 2118 ibant
566 2050 602 2117 in
639 2052 782 2122 adversa
819 2056 1012 2121 lloseorum

50 2160 160 2251 viginti
181 2163 341 2254 quinque
360 2162 493 2231 millia:
510 2164 676 2256 equibus
690 2166 871 2235 lectissimi
886 2167 1015 2259 peditis

50 2270 159 2341 decem
184 2272 297 2341 millia
320 2274 577 2355 censebantur,
602 2274 741 2366 equites
765 2277 896 2346 eaeteri.
928 2281 1014 2346 [lata

51 2383 256 2451 exercitibus
268 2384 400 2453 nostris
412 2390 546 2455 tessera
560 2386 682 2453 Beatus
693 2387 861 2476 losopltot.
879 2392 1016 2457 Interea

52 2498 220 2567 nonnullis
249 2500 320 2566 huc
337 2505 373 2567 et
392 2497 477 2566 illue
500 2497 665 2578 dimissis,
691 2499 734 2567 ad
758 2500 1012 2591 explorandum

52 2608 1014 2700 bostem,cohortibus,incrastinumprocessum.0bliti

51 2734 182 2797 tesserae
193 2728 374 2796 mutandae
388 2729 515 2808 duces;
533 2748 598 2796 nec
611 2727 639 2796 si
654 2725 861 2805 voluissent,
878 2733 1014 2795 mutare

52 2839 260 2928 potuissent:
275 2841 376 2908 hoste
395 2838 432 2907 in
460 2838 574 2907 oculis
597 2849 759 2908 versante
778 2890 787 2917 ,
819 2838 1015 2929 legionibus

51 2949 171 3032 divisis,
192 2974 256 3021 nec
270 2950 339 3019 nisi
354 2951 421 3019 sub
434 2950 551 3043 ipsum
571 2958 750 3021 certamen
774 2949 1012 3019 affluentibus.

51 3063 107 3130 Sed
133 3063 298 3132 alacriter
321 3062 512 3154 congressi,
535 3064 674 3132 hostem
702 3061 854 3155 gloriose
889 3061 1016 3153 proili-

50 3195 176 3261 garere.
192 3174 415 3244 Caesorumin
429 3174 503 3243 acie
513 3174 605 3243 ultra
613 3181 766 3267 quatuor
774 3194 880 3265 supra
894 3173 1016 3243 decern

51 3292 226 3355 numerata
249 3285 373 3354 millia.
396 3289 444 3355 Nc
465 3308 658 3355 memorem
680 3286 805 3364 silvas,
830 3284 1016 3375 inquibus

50 3419 157 3469 aernae
193 3400 384 3492 plerosque
413 3420 623 3490 oppressere
652 3423 660 3466 ε
687 3405 889 3468 nostrorum
923 3420 1017 3490 pau-

50 3506 171 3577 cissimi
203 3509 407 3579 desideratis
443 3509 615 3578 Conflictu
636 3509 785 3579 feliciter
824 3514 1013 3591 transacto,

50 3624 210 3689 tesseram
233 3628 472 3690 memorantes
498 3641 693 3689 convenere
717 3620 825 3690 duces
852 3645 859 3689 :
883 3627 1016 3690 etcum

50 3729 108 3797 sub
131 3731 303 3824 regimine
319 3729 472 3799 nominis
494 3732 679 3821 losaphat,
701 3730 838 3799 bostem
855 3737 1018 3823 prostra-

49 3850 115 3908 tum
132 3843 382 3921 advertissent,
399 3846 470 3911 Deo
486 3847 523 3909 et
534 3842 701 3933 losaphat
714 3842 895 3912 victoriam
910 3845 1018 3912 detu-

49 3950 124 4021 lere.
149 3954 241 4024 lllod
266 3974 410 4045 quoque
434 3952 612 4043 singulare
643 3952 771 4022 divinae
795 3964 832 4023 et
854 3955 1018 4047 martyris

48 4063 285 4137 beneficentiae
300 4071 547 4156 argumentum
556 4066 729 4146 notatum,
748 4069 842 4159 quod
855 4091 919 4161 per
929 4092 1018 4162 pro-

50 4176 211 4249 lluentem
235 4178 436 4270 quemdam,
470 4176 531 4245 illo
555 4175 591 4243 in
607 4176 701 4257 loco,
718 4178 840 4247 multae
854 4181 1018 4249 cobortes
