3259 5484
470 668 673 740 -na-
773 750 779 762 ι

141 829 190 901 hl.
214 831 306 900 ldem
319 832 362 901 de
376 829 507 899 semina
523 828 672 920 Sophia,
692 846 802 897 uxore
814 826 951 907 Adami,
970 826 1057 897 late·
1085 828 1132 872 ΑΠ’
1151 828 1282 883 mlum·

98 942 192 1021 rarii,
210 941 274 1009 sibi
289 940 585 1020 inservientibus,
605 939 640 1007 in
656 961 823 1031 processu
840 943 1057 1007 contestatus

97 1059 164 1130 est,
187 1075 261 1121 eam
292 1052 501 1143 aegritudine
534 1050 642 1118 nimia
673 1056 899 1142 oppressam,
933 1050 1056 1141 viginti

97 1169 238 1255 quatuor
256 1163 353 1233 horis
368 1169 505 1232 mutam
518 1185 559 1231 ac
582 1162 617 1230 in
639 1161 762 1230 ultima
782 1162 860 1231 vitae
879 1161 1058 1231 constitu-

98 1283 162 1345 tam
182 1276 343 1367 periodo‚
366 1277 403 1344 in
428 1283 559 1346 terram
589 1275 786 1367 depositam
807 1276 928 1345 luisse.
946 1281 1054 1359 Quam

95 1398 272 1483 postquam
289 1391 334 1460 ob
362 1391 519 1460 dolorem
537 1389 643 1459 trium
672 1390 904 1481 superstitum
921 1412 1058 1483 parru-

95 1506 213 1585 lorum,
240 1527 320 1574 cum
341 1528 405 1574 sua
425 1506 584 1597 conjuge,
605 1504 707 1574 llexis
724 1504 885 1595 genibus,
911 1506 955 1574 ad
973 1527 1057 1575 exu-

94 1618 162 1687 vias
187 1619 341 1711 corporis
364 1619 565 1712 Josaphati,
596 1619 787 1688 sistendam
821 1615 1052 1695 obtulissent,

93 1730 343 1819 portiunculam
387 1731 494 1800 etiam
543 1730 652 1799 vestis
690 1728 860 1821 sanguine
901 1726 1055 1795 intinctae

93 1844 131 1911 de
146 1844 231 1913 eollo
252 1846 329 1935 ejus
345 1844 545 1937 appendere
562 1867 570 1911 :
587 1843 681 1912 dicto
695 1840 845 1910 celerius
860 1840 919 1907 illa
935 1839 1056 1907 oculos

92 1957 245 2046 aperuit,
281 1956 578 2049 stupentibusque
605 1954 770 2023 omnibus
807 1952 935 2019 marito
968 1950 1057 2018 indi-

93 2067 161 2148 xit,
192 2070 281 2138 collc
295 2091 360 2138 suo
374 2090 566 2161 appensam
582 2066 791 2159 particulam
811 2088 855 2133 ne
869 2064 1052 2157 perderet,

91 2188 214 2248 etcum
234 2182 290 2249 his
304 2180 381 2249 viva
398 2202 553 2272 sanaque
567 2174 737 2248 constitit.

131 2290 183 2358 ⁶25.
208 2293 304 2360 Idem
330 2290 586 2382 Tyszkievicius
607 2287 792 2357 incurabili
808 2288 972 2379 podagrae
994 2287 1054 2354 di-
1138 2296 1273 2350 rodamus

92 2403 221 2466 stentns
234 2397 496 2476 invaletudine,
512 2396 652 2465 duobus
663 2394 805 2462 innixus
817 2394 951 2462 baculis
962 2416 1052 2485 aegre

91 2510 285 2599 sepulcrum
312 2508 378 2577 viri
392 2508 474 2587 Dei,
491 2516 527 2578 et
542 2505 791 2599 adjuvantibus
818 2505 895 2573 aliis
909 2506 1051 2584 revisit,

91 2640 234 2713 eumque
250 2621 422 2690 intentius
436 2644 500 2714 pro
513 2622 638 2691 morbo
653 2644 716 2689 suo
732 2626 897 2714 precatus
911 2674 919 2700 ,
934 2621 969 2690 id
985 2642 1055 2688 me·

90 2728 271 2800 dicamenti
285 2733 418 2812 retulit,
433 2740 473 2801 ut
486 2734 621 2802 baculis
634 2734 791 2825 abjectis,
806 2734 1055 2825 integerrimus

90 2837 225 2908 domum
239 2862 339 2907 suam
351 2863 428 2909 sese
443 2842 628 2933 receperit.

127 2959 180 3028 ⁶26.
206 2964 306 3029 Anno
330 2959 438 3041 toul,
459 2962 613 3052 januarii
634 2962 697 3043 ld,
725 2960 921 3032 duodennis
954 2962 1052 3031 Pauli
1083 2960 1325 3066 ³³¹⁰l⁶n¹itgpss¹t¹¹¹¹⁵r

90 3073 278 3141 Kozmiuiez
293 3074 529 3142 Bordzilovshi
545 3073 650 3153 filius,
664 3074 890 3165 Theophilus,
903 3073 1054 3165 maligna
1245 3057 1250 3067 ¹

89 3180 247 3253 incensus
262 3184 365 3264 febri,
391 3185 566 3277 loquelam
591 3185 751 3253 mutavit.
778 3190 821 3254 Et
838 3184 911 3275 jam
935 3186 1055 3254 extin-

87 3298 243 3383 guendus
263 3304 350 3366 erat.
379 3299 406 3366 Α
430 3297 594 3390 religioso
619 3302 658 3365 D.
677 3297 812 3377 Basilii,
831 3297 938 3365 Paulo
957 3296 1056 3365 Orlo-

88 3407 265 3496 czymscio,
286 3430 415 3500 parens
440 3408 610 3487 monitum
630 3408 774 3500 martyri
789 3411 958 3500 Josaphat
973 3430 1053 3478 euin

87 3517 225 3590 offerret
238 3526 273 3589 et
283 3520 374 3590 bene
388 3526 558 3614 speraret.
575 3522 638 3591 lllo
650 3523 831 3601 offerente,
845 3522 1054 3614 particulam

88 3628 183 3698 cilicii
209 3654 323 3725 puero
348 3656 455 3725 super
475 3634 654 3725 imposuit.
680 3638 722 3703 Et
745 3656 827 3702 mox
849 3634 1054 3704 meliuscule

88 3759 121 3806 se
139 3742 271 3812 habere
288 3743 408 3836 coepit,
427 3746 668 3814 incrastinum
685 3767 779 3826 vero,
799 3746 916 3813 martii
927 3746 958 3826 ἲ,
974 3770 1054 3838 per-

87 3846 170 3918 fecte
186 3862 333 3919 sanatus
347 3859 413 3922 est.
1011 3882 1014 3886 ·

126 3959 179 4029 tl.
206 3967 290 4030 Post
321 3986 448 4032 caesum
472 3968 659 4058 Josaphat,
688 3965 774 4033 nihil
795 3966 926 4035 eortius
948 3989 1054 4057 quam
1104 3974 1305 4020 conterraneum

86 4071 272 4143 Maximum
286 4076 463 4145 Meletium
479 4073 745 4156 Smotrlscinm,
772 4077 893 4147 audita
913 4078 1057 4169 parrici-
1141 4037 1265 4080 mm

82 4196 85 4200 ¹
485 4193 488 4199 ’
969 4194 984 4244 s
