3259 5484
445 760 491 776 -
517 714 648 791 toe-

83 887 174 959 totper
186 897 310 941 servum
320 879 375 941 Dei
385 896 554 941 conversos
565 875 659 939 fuisse
666 876 706 938 ad
721 876 816 939 fidem
829 878 1027 954 catholicam,

80 990 143 1059 quot
154 980 245 1042 modo
258 989 333 1043 sunt
347 981 426 1043 uniti
439 979 572 1042 Polociae
584 999 591 1039 :
602 978 689 1061 quod
700 978 784 1040 idem
797 980 931 1041 affirmat
943 986 961 1041 2
977 988 1031 1043 tas

80 1082 118 1153 tis,
132 1083 268 1146 sacerdos
279 1084 444 1157 ruthenus,
457 1084 489 1144 in
504 1084 642 1145 Processu
652 1083 743 1145 Urbis
755 1083 845 1165 juxta
859 1090 878 1146 6
894 1084 959 1164 (fol.
980 1090 1029 1167 13)

79 1192 103 1243 et
113 1188 146 1245 73
156 1186 304 1257 testisait‚
320 1185 405 1265 quod
420 1185 521 1247 multa
533 1186 633 1247 millia
648 1186 899 1249 animarumsnis
912 1189 1032 1251 concio

79 1288 170 1362 nibus,
184 1290 451 1372 disputationibus
459 1298 489 1350 et
501 1288 655 1351 industria
671 1291 825 1352 convertit
837 1289 877 1351 ad
894 1292 1031 1354 catholi-

79 1403 136 1445 cam
146 1389 337 1467 religionem.

18 1496 22 1503 ’
109 1501 141 1561 Et
153 1522 187 1563 ex
198 1504 361 1565 catholicas
374 1501 447 1563 fidei
462 1500 663 1562 incrementis
675 1502 813 1562 maxime
825 1501 1032 1564 afflictabatur

77 1604 206 1669 humanae
221 1608 330 1669 salutis
344 1607 458 1678 hostis,
475 1605 664 1686 onerataque
679 1605 747 1685 eJus
769 1605 872 1667 rabies
885 1606 1031 1667 efferves-

77 1705 151 1767 cehat
176 1726 370 1787 agnoscenS,
394 1706 601 1786 iosaphatum
622 1724 720 1786 quam
745 1706 832 1767 brevi
854 1706 1031 1768 dominium

77 1810 354 1898 possessionemque
370 1808 550 1870 animarum
570 1808 716 1869 omnium
735 1807 860 1870 Christo
876 1826 1030 1889 propaga-

76 1914 166 1970 turum
176 1911 269 1973 fnisse
279 1920 373 1991 atque
385 1911 528 1973 ltaeresim
544 1910 721 1971 universam
736 1910 921 1990 ejecturum.
943 1908 1032 1971 Unde

76 2009 202 2075 homines
224 2013 361 2076 nefarios
381 2014 537 2088 excitavit,
557 2022 603 2085 ut,
626 2012 707 2075 facta
725 2014 974 2093 conspiratione,
991 2012 1030 2075 ad

76 2129 165 2173 necem
182 2123 359 2195 qnaererent
377 2114 491 2175 Christi
512 2113 669 2176 famulum
685 2121 717 2175 et
742 2113 945 2177 fortissimum
974 2132 1032 2196 pro

77 2211 125 2273 lide
134 2214 324 2291 bellatorem,
342 2225 446 2297 alapae,
464 2225 499 2277 nt
514 2216 574 2297 ipsi
591 2216 761 2291 vocabant,
779 2220 945 2278 animorum
956 2238 1033 2299 prve-

75 2311 169 2390 doaem,
185 2318 409 2379 interimerent.
423 2316 512 2391 Quod
523 2318 657 2399 impium
671 2316 793 2379 facinus
806 2336 862 2399 per
875 2325 936 2379 tres
949 2319 1032 2379 vices
1051 2392 1053 2396 Ι

76 2418 162 2479 moliri
175 2421 241 2481 ausi
256 2428 332 2481 sunt
343 2419 478 2481 Vitcbsci
490 2441 497 2480 :
508 2438 622 2501 nempe
633 2420 694 2481 sub
704 2420 756 2483 die
769 2425 789 2482 6
801 2422 923 2499 augusti
941 2425 1029 2494 tort,

74 2516 137 2581 dum
163 2542 249 2585 sacra
274 2530 458 2603 operaretur
466 2542 475 2595 ;
499 2523 531 2584 in
552 2522 604 2584 die
621 2524 815 2585 Pentecostes
839 2527 1029 2598 annolfihh,

74 2620 137 2684 dum
149 2627 286 2707 optimus
298 2625 412 2707 praesul
436 2626 563 2709 piorum
577 2625 830 2688 christifidelium
849 2644 960 2704 agmen
977 2646 1030 2689 seu

74 2731 288 2803 processionem
302 2731 498 2804 institueret;
514 2730 598 2792 etde
612 2748 697 2792 anno
711 2734 799 2805 tcta,
817 2748 923 2791 mense
938 2733 1030 2813 aprili

74 2824 99 2885 ir
111 2833 269 2908 praetorio,
284 2831 363 2894 dum
386 2831 515 2913 publice
526 2833 681 2911 legeretur
695 2832 894 2913 privilegium
914 2834 1031 2913 aregio

73 2932 216 3011 nrajestate
229 2935 369 2997 Poloniae
386 2934 559 3017 Josaphato
576 2934 813 3016 archiepiscopo
827 2954 1028 3010 concessum,

73 3034 166 3119 inquo
179 3041 333 3124 professio
349 3040 422 3103 fidei
437 3041 578 3123 ejusdem
600 3042 632 3101 in
653 3042 809 3104 catholica
830 3043 1032 3105 universitate

73 3141 286 3220 adstruebatur,
301 3154 338 3208 ut
350 3146 598 3227 narrantplures
611 3153 703 3206 testes
717 3144 810 3219 infra,
827 3164 899 3207 cum
915 3145 953 3207 de
963 3164 1031 3226 pro

71 3239 181 3309 batione
199 3247 383 3330 hujusmodi
398 3246 590 3309 seditionum
615 3254 742 3325 agetur,
758 3247 949 3310 recensendi.
970 3247 1030 3309 Sed

71 3348 191 3424 tandem,
206 3369 292 3412 anno
311 3355 389 3412 l623
411 3350 462 3411 die
479 3354 516 3410 12
532 3348 723 3423 novembris,
738 3349 855 3410 scelesti
876 3350 1029 3410 schisma-

71 3445 122 3518 tici,
132 3451 296 3533 adjuvante
311 3451 449 3532 quodam
463 3449 1030 3531 Smotrisciopseudo-archiepiscopo

69 3547 224 3628 Polocensi,
242 3555 377 3615 excitato
397 3573 439 3616 ex
451 3551 606 3613 industria
625 3552 783 3624 tumultu,
800 3561 894 3631 atquc
909 3552 1029 3631 impetu

70 3650 138 3715 licto
154 3656 182 3717 in
197 3656 280 3718 aedes
294 3654 593 3736 archiepiscopales,
608 3661 679 3735 post
692 3652 897 3714 familiarium
912 3652 1027 3715 caedem

69 3756 210 3840 totiusque
222 3758 426 3839 supellectilis
442 3756 656 3829 eversionem,
678 3756 781 3837 capite
801 3756 1027 3837 archiepiscopi

68 3862 302 3944 securidisjccto,
313 3863 510 3941 sacrilegium
522 3862 681 3943 parricidii
691 3863 792 3924 scelus
801 3862 1028 3925 immanissimo

68 3960 269 4035 perfecerunt,
287 3972 322 4024 nt
335 3962 499 4043 deponunt
515 3971 652 4043 quatuor
666 3963 783 4034 oculati
805 3970 897 4023 testes
911 3963 942 4022 in
958 3966 1029 4027 Pro

66 4080 133 4124 ressa
148 4067 306 4140 Polccensr',
320 4085 434 4148 nempe
447 4070 524 4141 toa,
539 4066 655 4129 nobilis
667 4066 860 4139 Polocensis,
879 4075 909 4127 et
923 4072 957 4128 [il
972 4069 1027 4147 qui

68 4167 150 4230 ambo
164 4170 291 4233 fuerunt
301 4170 472 4237 familiares
482 4170 805 4253 presulistosapnatt,
820 4170 949 4231 comites
964 4190 1030 4252 pas.
