3259 5484
479 679 658 750 ..30-

84 871 224 920 manum
248 851 350 922 daret
371 850 509 930 Unioni‚
531 856 698 941 tanquam
721 847 870 918 doctiori
891 869 938 918 ex
960 865 1055 914 nunc

83 983 276 1032 cessurum.

125 1091 223 1158 Anno
241 1088 349 1182 igitur
371 1087 457 1156 1617
483 1094 659 1168 currente,
682 1088 723 1156 ta
750 1087 971 1166 novembris,
997 1085 1054 1156 die

85 1201 256 1270 dominica
271 1253 279 1280 ,
297 1201 396 1270 Vilna
415 1201 460 1268 ab
475 1202 599 1271 eodem
613 1200 754 1270 Rutscio
784 1201 934 1293 aliisque
955 1200 1057 1292 epis-

86 1317 196 1408 copis,
220 1318 265 1386 ad
280 1317 505 1410 episcopatus
528 1317 766 1389 Vitebsoensis
786 1323 823 1388 01
845 1315 1055 1409 suffraganei

85 1427 283 1498 Polocensis
305 1427 465 1497 initiatus
490 1429 649 1520 gradum,
681 1451 744 1497 000
767 1427 911 1521 quidem
935 1448 1055 1496 amaro

86 1564 162 1610 cum
173 1543 279 1622 fletu,
298 1543 359 1612 sed
373 1542 531 1611 omnium
549 1540 747 1612 incredibili
766 1539 912 1633 gaudio,
938 1538 1057 1609 schis-

87 1655 294 1725 maticorum
304 1676 386 1724 vero
397 1653 555 1722 inaudita
565 1675 645 1722 cum
657 1650 1056 1722 execratione.0derant

87 1764 189 1845 enim,
205 1765 302 1856 quod
317 1785 382 1832 suo
396 1763 606 1833 metuissent
619 1761 811 1831 schismati.
829 1762 938 1853 quue
957 1783 1058 1853 mys-

88 1875 174 1944 terio
187 1883 372 1966 acceptum
392 1873 535 1944 duxeris
547 1895 668 1943 mense
683 1873 828 1947 eodem,
854 1872 911 1941 die
929 1924 938 1952 ‚
956 1872 1059 1941 luce-

89 2004 154 2073 que
168 1981 364 2061 dominica,
386 2003 493 2073 quam
508 1981 695 2073 septimam
712 1987 794 2073 post
804 1980 944 2050 labores
966 1981 1059 2050 coli-

89 2114 184 2173 mus,
209 2100 484 2172 consecratum,
507 2093 792 2185 trucidatumque
815 2093 994 2184 Josaphat‚
1020 2096 1058 2160 ln

90 2226 149 2272 sua
161 2203 430 2296 inauguratione
441 2204 484 2272 ad
500 2202 638 2272 labores
652 2225 825 2272 sexennes
839 2203 942 2294 plane
956 2201 1061 2271 coeli-

90 2319 143 2382 tus
162 2315 360 2384 inunctum.
378 2317 478 2384 Anno
491 2313 642 2405 septimo
657 2314 701 2382 ad
716 2313 873 2405 quietem
886 2333 1057 2380 annorum

92 2431 316 2507 aeternorum,
329 2427 521 2496 formosum
532 2425 568 2493 in
579 2425 668 2494 stola
678 2425 859 2518 sanguinis
873 2424 1061 2494 00110000-

91 2537 206 2608 latum.
220 2537 347 2608 Statim
360 2545 467 2630 atque
480 2536 627 2608 Polociae
640 2537 829 2618 increbuit,
846 2537 1060 2607 destinatum

93 2648 120 2716 ei
134 2657 313 2741 pastorem
331 2651 517 2741 Josaphat‚
542 2671 665 2720 omnes
688 2651 781 2720 fama
806 2649 959 2720 nominis
981 2649 1060 2742 ejus

93 2759 234 2842 deliniti,
249 2760 377 2852 gaudio
389 2759 705 2852 perfundebantur.
736 2761 803 2830 Sed
823 2766 864 2829 ut
885 2760 952 2831 iter
975 2782 1061 2829 mu-

93 2891 224 2963 nusque
247 2873 291 2942 de
306 2872 394 2942 coelo
418 2873 540 2942 datum
568 2872 644 2964 ipse
663 2873 832 2942 Dominus
849 2873 1061 2943 cmlifortu-

93 2989 265 3064 00001,οο
290 2985 420 3055 virtute
444 2985 580 3056 exalto
604 3007 685 3054 eum
707 2985 897 3065 indueret,
925 2984 1062 3076 aliquot

95 3117 195 3188 supra
209 3099 332 3169 decem
345 3098 482 3180 diebus,
501 3099 537 3166 in
552 3099 754 3180 reticentia,
771 3100 867 3170 solus
882 3097 963 3168 cum
986 3099 1061 3167 solo

95 3210 178 3289 Deo,
198 3209 286 3280 cella
298 3211 502 3292 conclusus,
518 3211 554 3279 in
568 3211 697 3282 mentis
715 3211 858 3303 orisque
877 3210 1061 3281 devotione

95 3317 233 3408 quievit.
263 3324 353 3388 Dum
376 3320 477 3389 Vilna
499 3321 671 3391 Potociam
693 3321 891 3414 egreditur,
916 3321 1062 3412 inopum
1167 3353 1172 3363 ·
1239 3352 1244 3362 ·

96 3431 198 3502 totius
217 3432 371 3503 civitatis
395 3438 449 3502 sat
468 3434 583 3526 ampla
598 3456 723 3502 manus
744 3435 788 3503 ad
809 3433 1062 3502 monasterium

97 3544 321 3613 sanctissimae
348 3544 527 3613 Trinitatis
540 3543 705 3625 confluit,
724 3550 760 3614 et
774 3544 876 3636 quasi
891 3545 1064 3614 funeran-

96 3650 136 3719 do
156 3652 425 3746 taorymislitat;
452 3655 545 3746 quod
562 3654 761 3737 dominum,
781 3660 987 3748 patronum,
1001 3658 1066 3722 10-

98 3767 228 3848 torem,
247 3773 431 3859 parentem
445 3789 548 3836 suum
564 3767 754 3836 amitteret.
778 3766 835 3835 Sic
855 3765 956 3834 mixti
975 3763 1062 3844 viri,

98 3877 250 3961 feminae,
278 3879 472 3972 puerique,
495 3902 560 3952 nec
574 3879 702 3949 civium
715 3879 840 3972 pauci,
858 3885 958 3947 extra
971 3900 1067 3948 moe-

99 3986 328 4070 niaductum,
345 3992 453 4083 gratis
475 3991 677 4072 affectibus,
693 3991 819 4062 faustis
841 3990 1068 4084 apprecatio-
