3259 5484
484 663 665 736 ·-49-

95 829 225 894 noctes.
242 828 327 892 Cum
344 823 386 892 ad
398 821 599 892 cathedram
608 820 755 890 Polociae
771 824 982 896 moraretur,
997 815 1067 885 sin-

94 933 183 1023 gulis
198 932 362 1001 noctibus
378 929 590 999 vestibulum
607 928 763 998 coclcsiae
777 928 946 1020 nudipes
960 925 1066 996 etiam

94 1044 234 1112 hiemali
250 1043 385 1134 rigente
396 1043 524 1134 frigore
547 1043 732 1120 accedens,
756 1041 859 1131 longe
881 1039 1068 1108 insistebat

94 1152 1068 1246 orationi.Duoejusquondamaoubiculojuvenesmb·

95 1273 273 1336 servantes
286 1271 467 1358 quonoete
476 1266 543 1334 iret
554 1266 728 1346 dominus,
740 1289 804 1358 per
817 1267 1067 1335 domusaream

94 1381 134 1448 ad
150 1379 392 1449 coemeterium
414 1378 544 1459 secuti,
561 1385 597 1448 et
616 1385 712 1447 trans
731 1401 833 1470 sepes
847 1385 928 1448 ante
943 1377 1070 1446 basili·
1102 1404 1107 1412 ·

94 1511 142 1558 cae
155 1512 355 1570 aceessum,
374 1510 490 1558 coram
506 1489 657 1580 Virginis
670 1489 829 1581 Deiparae
839 1489 938 1559 icone
950 1490 1070 1557 adver·
1119 1518 1142 1560 n
1155 1517 1251 1560 aaran«,
1269 1517 1316 1560 uei

94 1605 215 1669 lerunt
229 1607 408 1683 orantem3
426 1623 470 1670 ex
481 1624 551 1692 qua
564 1603 633 1670 duo
649 1601 823 1693 splendidi
838 1622 1070 1692 prorumpen·
1142 1581 1289 1625 “mm‘'

94 1722 146 1779 tes
159 1711 248 1779 radii
259 1764 268 1790 ,
281 1711 363 1780 hinc
378 1711 459 1780 inde
481 1734 544 1780 suo
560 1733 642 1780 eum
655 1711 832 1781 involvere
843 1711 977 1780 lumine
995 1735 1003 1778 ε
1021 1711 1070 1779 ita

93 1829 132 1891 ut
153 1822 228 1892 sole
250 1823 421 1903 vestitus,
447 1828 553 1914 atque
577 1845 597 1891 a
616 1828 710 1892 terra
732 1823 768 1890 in
787 1845 905 1892 aerem
935 1823 1070 1892 levatus

95 1935 246 2004 orationi
269 1957 393 2011 vacare
412 1935 602 2004 videretur.
624 1940 661 2005 ln
678 1935 842 2004 cubiculo
857 1941 959 2004 nocte
977 1956 1071 2026 qua-

95 2048 173 2115 dam
199 2048 374 2139 profunda
394 2047 545 2116 orationi
568 2047 753 2128 insistens,
780 2052 820 2116 ut
840 2047 877 2114 in
900 2047 1071 2116 commis-

95 2158 192 2228 sione
216 2159 370 2228 relertur
390 2159 593 2249 superiore,
612 2181 767 2251 appenso
783 2181 901 2228 coram
917 2159 953 2227 in
967 2180 1069 2228 cruce

97 2267 276 2338 Salvatore
309 2276 344 2338 ct
369 2269 521 2360 Virginis
548 2269 669 2363 icone,
707 2270 834 2340 acriter
866 2293 903 2339 se
932 2268 1070 2361 flagello

95 2382 264 2451 caedebat.
282 2382 390 2451 Iidem
403 2381 626 2461 cubicularii,
649 2383 798 2452 nimium
814 2383 928 2474 sagaci
944 2381 1067 2474 perciti

95 2494 318 2576 curiositate,
341 2517 405 2586 per
417 2494 524 2562 rimas
546 2495 674 2563 lorium
697 2494 980 2588 prospiciebant3
1008 2496 1069 2563 sed

95 2608 212 2677 divina
247 2608 497 2677 circumfusum
538 2609 615 2678 luce
650 2609 831 2679 intuentes
863 2608 1065 2688 conterriti,

94 2729 227 2804 statum
242 2721 421 2814 religionis
436 2721 617 2790 Basilianae
637 2721 801 2812 amplecti
818 2721 966 2790 firmiter
983 2741 1069 2812 pro-

96 2854 259 2923 posuere.
284 2834 398 2923 Atque
418 2831 571 2900 intrante
586 2831 681 2900 brevi
698 2832 838 2916 altero,
853 2832 937 2900 dum
953 2852 1068 2898 moras

94 2944 203 3012 nectit
239 2942 347 3022 alter,
376 2943 519 3033 suisque
548 2941 731 3010 lenociniis
761 2941 901 3011 deditus
927 2947 1068 3010 exercet
1108 2952 1110 2957 ’

95 3057 259 3134 choreae,
278 3052 429 3133 labitur,
452 3059 558 3143 eaput
576 3053 745 3146 diffringit
765 3059 801 3122 et
815 3053 1064 3144 exstinguitur.

137 3167 325 3234 Enimvero
341 3165 455 3233 divam
480 3164 540 3232 ille
557 3171 596 3234 et
618 3165 813 3244 dominam,
838 3164 1066 3255 reginamque
1093 3176 1340 3231 morannum.

95 3279 285 3356 coelorum,
311 3277 406 3345 omni
426 3298 496 3368 quo
515 3276 637 3345 debuit
659 3278 844 3368 potuitque
866 3277 976 3345 coluit
992 3277 1068 3343 fer-

96 3415 192 3462 vore.
211 3391 263 3460 Illi
281 3391 434 3482 llagraet
446 3391 576 3471 cilicia,
594 3392 645 3459 illi
655 3392 790 3483 jejunia
805 3398 841 3460 et
856 3414 978 3482 preces
989 3444 998 3470 ,
1009 3391 1066 3488 jlli

95 3504 207 3585 fletus,
225 3509 261 3571 et
279 3503 415 3594 vigilias
433 3527 439 3571 :
461 3509 500 3571 ut
514 3503 722 3572 festivitates
736 3504 870 3584 laetius‚
889 3526 985 3572 sacra
1001 3504 1069 3571 de-

95 3618 233 3696 votiuS,
266 3617 391 3686 honori
427 3617 503 3708 ejus
550 3624 680 3708 ageret.
717 3620 874 3687 Laudare
901 3640 978 3686 eam
1004 3640 1068 3709 pro

95 3729 347 3809 concionibus,
372 3729 557 3820 gaudium;
586 3731 630 3798 ad
654 3730 796 3800 servitia
820 3731 896 3821 ejus
925 3730 1069 3796 inflam-

95 3851 193 3910 mare
212 3840 316 3921 alios,
341 3841 525 3932 praemium
545 3841 612 3908 fuit
627 3865 634 3908 :
652 3847 692 3909 ut
711 3864 780 3910 non
794 3841 969 3910 immerito
989 3840 1069 3909 divo

95 3976 177 4022 eum
194 3953 378 4042 complexa
392 3951 605 4043 fueritvirgo
620 3952 765 4022 lumine.

139 4079 242 4150 Domi
259 4101 330 4148 suae
342 4079 389 4170 jej
396 4078 538 4157 unitati,
554 4085 592 4148 ut
608 4084 701 4158 ante,
721 4078 945 4158 incumbens,
959 4077 1071 4146 lauti·
1097 4108 1179 4164 ‚siun
1192 4107 1213 4150 i„
1223 4107 1263 4150 ιη
1276 4109 1340 4149 ,uia

947 4189 964 4242 ⁴·
1203 4215 1205 4219 .
