<?xml version="1.0" encoding="UTF-8"?>
<!DOCTYPE html PUBLIC "-//W3C//DTD XHTML 1.0 Transitional//EN"
    "http://www.w3.org/TR/xhtml1/DTD/xhtml1-transitional.dtd">
<html xmlns="http://www.w3.org/1999/xhtml" xml:lang="en" lang="en">
 <head>
  <title>
</title>
<meta http-equiv="Content-Type" content="text/html;charset=utf-8" />
  <meta name='ocr-system' content='tesseract 3.04.00' />
  <meta name='ocr-capabilities' content='ocr_page ocr_carea ocr_par ocr_line ocrx_word'/>
</head>
<body>
  <div class='ocr_page' id='page_1' title='image "./cursusvitetcert00martgoog_0228.png"; bbox 0 0 3259 5484; ppageno 0'>
   <div class='ocr_carea' id='block_1_1' title="bbox 951 710 1151 781">
    <p class='ocr_par' dir='ltr' id='par_1_1' title="bbox 951 710 1151 781">
     <span class='ocr_line' id='line_1_1' title="bbox 951 710 1151 781; baseline 0 -1"><span class='ocrx_word' id='word_1_1' title='bbox 951 710 1151 781; x_wconf 67' lang='lat' dir='ltr'>-ddl-</span> 
     </span>
    </p>
   </div>
   <div class='ocr_carea' id='block_1_2' title="bbox 564 858 1618 1056">
    <p class='ocr_par' dir='ltr' id='par_1_2' title="bbox 564 858 1618 1056">
     <span class='ocr_line' id='line_1_2' title="bbox 566 858 1618 953; baseline -0.002 -16"><span class='ocrx_word' id='word_1_2' title='bbox 566 875 672 937; x_wconf 91' lang='lat' dir='ltr'>locum</span> <span class='ocrx_word' id='word_1_3' title='bbox 687 922 696 947; x_wconf 91' lang='lat'>,</span> <span class='ocrx_word' id='word_1_4' title='bbox 713 872 769 935; x_wconf 91' lang='lat' dir='ltr'>nbi</span> <span class='ocrx_word' id='word_1_5' title='bbox 790 872 956 947; x_wconf 77' lang='lat' dir='ltr'><strong>consistat,</strong></span> <span class='ocrx_word' id='word_1_6' title='bbox 978 870 1139 933; x_wconf 72' lang='lat' dir='ltr'>inveniat?</span> <span class='ocrx_word' id='word_1_7' title='bbox 1158 880 1252 953; x_wconf 90' lang='lat' dir='ltr'>atque</span> <span class='ocrx_word' id='word_1_8' title='bbox 1275 873 1396 934; x_wconf 89' lang='lat' dir='ltr'>utinam</span> <span class='ocrx_word' id='word_1_9' title='bbox 1411 874 1463 937; x_wconf 89' lang='lat' dir='ltr'>bio</span> <span class='ocrx_word' id='word_1_10' title='bbox 1476 876 1518 935; x_wconf 87' lang='lat' dir='ltr'>sal</span> <span class='ocrx_word' id='word_1_11' title='bbox 1617 858 1618 863; x_wconf 8' lang='grc' dir='ltr'>ἵ</span> 
     </span>
     <span class='ocr_line' id='line_1_3' title="bbox 564 974 1618 1056; baseline -0.002 -15"><span class='ocrx_word' id='word_1_12' title='bbox 564 987 627 1041; x_wconf 86' lang='lat' dir='ltr'>tom</span> <span class='ocrx_word' id='word_1_13' title='bbox 639 977 770 1039; x_wconf 87' lang='lat' dir='ltr'>satiatus</span> <span class='ocrx_word' id='word_1_14' title='bbox 782 975 870 1038; x_wconf 92' lang='lat' dir='ltr'>furor</span> <span class='ocrx_word' id='word_1_15' title='bbox 883 974 1007 1037; x_wconf 91' lang='lat' dir='ltr'>hostilis</span> <span class='ocrx_word' id='word_1_16' title='bbox 1028 975 1216 1056; x_wconf 81' lang='lat' dir='ltr'>pepercisset</span> <span class='ocrx_word' id='word_1_17' title='bbox 1238 976 1385 1055; x_wconf 83' lang='lat' dir='ltr'>martyrii</span> <span class='ocrx_word' id='word_1_18' title='bbox 1405 976 1458 1038; x_wconf 87' lang='lat' dir='ltr'>sed</span> <span class='ocrx_word' id='word_1_19' title='bbox 1476 978 1534 1039; x_wconf 93' lang='lat' dir='ltr'>im·</span> <span class='ocrx_word' id='word_1_20' title='bbox 1617 995 1618 1015; x_wconf 62' lang='lat'>¹</span> 
     </span>
    </p>
   </div>
   <div class='ocr_carea' id='block_1_3' title="bbox 564 1072 1534 1160">
    <p class='ocr_par' dir='ltr' id='par_1_3' title="bbox 564 1072 1534 1160">
     <span class='ocr_line' id='line_1_4' title="bbox 564 1072 1534 1160; baseline -0.005 -20"><span class='ocrx_word' id='word_1_21' title='bbox 564 1078 617 1160; x_wconf 87' lang='lat' dir='ltr'>pia</span> <span class='ocrx_word' id='word_1_22' title='bbox 637 1075 756 1139; x_wconf 84' lang='lat' dir='ltr'>feritate</span> <span class='ocrx_word' id='word_1_23' title='bbox 777 1073 944 1137; x_wconf 87' lang='lat' dir='ltr'>ferociores</span> <span class='ocrx_word' id='word_1_24' title='bbox 968 1072 1132 1156; x_wconf 84' lang='lat' dir='ltr'>parricidae</span> <span class='ocrx_word' id='word_1_25' title='bbox 1146 1091 1220 1136; x_wconf 89' lang='lat' dir='ltr'>cum</span> <span class='ocrx_word' id='word_1_26' title='bbox 1237 1072 1392 1135; x_wconf 92' lang='lat' dir='ltr'>nudatum</span> <span class='ocrx_word' id='word_1_27' title='bbox 1407 1074 1534 1137; x_wconf 81' lang='lat' dir='ltr'>cadaver</span> 
     </span>
    </p>
   </div>
   <div class='ocr_carea' id='block_1_4' title="bbox 563 1176 1618 1261">
    <p class='ocr_par' dir='ltr' id='par_1_4' title="bbox 563 1176 1618 1261">
     <span class='ocr_line' id='line_1_5' title="bbox 563 1176 1618 1261; baseline -0.005 -18"><span class='ocrx_word' id='word_1_28' title='bbox 563 1181 676 1253; x_wconf 88' lang='lat' dir='ltr'>cilicio,</span> <span class='ocrx_word' id='word_1_29' title='bbox 688 1197 754 1261; x_wconf 88' lang='lat' dir='ltr'>quo</span> <span class='ocrx_word' id='word_1_30' title='bbox 763 1196 888 1260; x_wconf 85' lang='lat' dir='ltr'>semper</span> <span class='ocrx_word' id='word_1_31' title='bbox 899 1176 1112 1259; x_wconf 88' lang='lat' dir='ltr'>armatusipse</span> <span class='ocrx_word' id='word_1_32' title='bbox 1125 1176 1300 1249; x_wconf 88' lang='lat' dir='ltr'>incedebat,</span> <span class='ocrx_word' id='word_1_33' title='bbox 1309 1176 1534 1239; x_wconf 88' lang='lat' dir='ltr'>circumdatum</span> <span class='ocrx_word' id='word_1_34' title='bbox 1617 1206 1618 1226; x_wconf 57' lang='lat' dir='ltr'>t</span> 
     </span>
    </p>
   </div>
   <div class='ocr_carea' id='block_1_5' title="bbox 557 1280 1535 3724">
    <p class='ocr_par' dir='ltr' id='par_1_5' title="bbox 563 1280 1535 1673">
     <span class='ocr_line' id='line_1_6' title="bbox 566 1280 1535 1365; baseline -0.003 -20"><span class='ocrx_word' id='word_1_35' title='bbox 566 1282 773 1356; x_wconf 86' lang='lat' dir='ltr'>invenissent,</span> <span class='ocrx_word' id='word_1_36' title='bbox 793 1280 884 1344; x_wconf 90' lang='lat' dir='ltr'>ardui</span> <span class='ocrx_word' id='word_1_37' title='bbox 905 1280 1021 1343; x_wconf 88' lang='lat' dir='ltr'>montis</span> <span class='ocrx_word' id='word_1_38' title='bbox 1038 1298 1209 1343; x_wconf 90' lang='lat' dir='ltr'>conscenso</span> <span class='ocrx_word' id='word_1_39' title='bbox 1225 1282 1413 1363; x_wconf 89' lang='lat' dir='ltr'>supercilio,</span> <span class='ocrx_word' id='word_1_40' title='bbox 1438 1283 1535 1365; x_wconf 83' lang='lat' dir='ltr'>praeci·</span> 
     </span>
     <span class='ocr_line' id='line_1_7' title="bbox 563 1383 1534 1469; baseline -0.001 -20"><span class='ocrx_word' id='word_1_41' title='bbox 563 1388 663 1469; x_wconf 86' lang='lat' dir='ltr'>pitem</span> <span class='ocrx_word' id='word_1_42' title='bbox 677 1384 752 1447; x_wconf 89' lang='lat' dir='ltr'>inde</span> <span class='ocrx_word' id='word_1_43' title='bbox 767 1385 934 1466; x_wconf 74' lang='lat' dir='ltr'><strong>praesulem</strong></span> <span class='ocrx_word' id='word_1_44' title='bbox 953 1383 1140 1459; x_wconf 80' lang='lat' dir='ltr'><strong>deturbant,</strong></span> <span class='ocrx_word' id='word_1_45' title='bbox 1163 1386 1254 1467; x_wconf 83' lang='lat' dir='ltr'><strong>quasi</strong></span> <span class='ocrx_word' id='word_1_46' title='bbox 1277 1405 1333 1449; x_wconf 91' lang='lat' dir='ltr'>sua</span> <span class='ocrx_word' id='word_1_47' title='bbox 1357 1388 1534 1451; x_wconf 87' lang='lat' dir='ltr'>crudelitate</span> 
     </span>
     <span class='ocr_line' id='line_1_8' title="bbox 564 1486 1534 1571; baseline 0 -22"><span class='ocrx_word' id='word_1_48' title='bbox 564 1488 695 1550; x_wconf 87' lang='lat' dir='ltr'>minime</span> <span class='ocrx_word' id='word_1_49' title='bbox 708 1488 847 1549; x_wconf 77' lang='lat' dir='ltr'>contenti</span> <span class='ocrx_word' id='word_1_50' title='bbox 862 1534 869 1563; x_wconf 90' lang='lat'>,</span> <span class='ocrx_word' id='word_1_51' title='bbox 886 1486 963 1548; x_wconf 88' lang='lat' dir='ltr'>inita</span> <span class='ocrx_word' id='word_1_52' title='bbox 977 1505 1049 1548; x_wconf 89' lang='lat' dir='ltr'>cum</span> <span class='ocrx_word' id='word_1_53' title='bbox 1065 1486 1215 1569; x_wconf 85' lang='lat' dir='ltr'>vepribus</span> <span class='ocrx_word' id='word_1_54' title='bbox 1230 1506 1265 1549; x_wconf 90' lang='lat' dir='ltr'>ac</span> <span class='ocrx_word' id='word_1_55' title='bbox 1280 1490 1420 1570; x_wconf 85' lang='lat' dir='ltr'>scopulis</span> <span class='ocrx_word' id='word_1_56' title='bbox 1431 1490 1534 1571; x_wconf 88' lang='lat' dir='ltr'>conju-</span> 
     </span>
     <span class='ocr_line' id='line_1_9' title="bbox 563 1589 1485 1673; baseline 0 -20"><span class='ocrx_word' id='word_1_57' title='bbox 563 1591 699 1659; x_wconf 84' lang='lat' dir='ltr'>ratione.</span> <span class='ocrx_word' id='word_1_58' title='bbox 716 1589 921 1653; x_wconf 87' lang='lat' dir='ltr'>lacerandum</span> <span class='ocrx_word' id='word_1_59' title='bbox 936 1590 997 1651; x_wconf 89' lang='lat' dir='ltr'>illis</span> <span class='ocrx_word' id='word_1_60' title='bbox 1011 1608 1136 1652; x_wconf 86' lang='lat' dir='ltr'>sacrum</span> <span class='ocrx_word' id='word_1_61' title='bbox 1149 1608 1264 1673; x_wconf 86' lang='lat' dir='ltr'>corpus</span> <span class='ocrx_word' id='word_1_62' title='bbox 1277 1590 1485 1654; x_wconf 79' lang='lat' dir='ltr'>tradidissent.</span> 
     </span>
    </p>

    <p class='ocr_par' dir='ltr' id='par_1_6' title="bbox 557 1686 1535 3724">
     <span class='ocr_line' id='line_1_10' title="bbox 601 1686 1534 1770; baseline 0.003 -15"><span class='ocrx_word' id='word_1_63' title='bbox 601 1693 741 1756; x_wconf 79' lang='lat' dir='ltr'>l&#39;andem</span> <span class='ocrx_word' id='word_1_64' title='bbox 755 1712 830 1755; x_wconf 92' lang='lat' dir='ltr'>cum</span> <span class='ocrx_word' id='word_1_65' title='bbox 843 1691 978 1766; x_wconf 88' lang='lat' dir='ltr'>ferrum,</span> <span class='ocrx_word' id='word_1_66' title='bbox 995 1712 1069 1755; x_wconf 90' lang='lat' dir='ltr'>oum</span> <span class='ocrx_word' id='word_1_67' title='bbox 1088 1694 1249 1768; x_wconf 88' lang='lat' dir='ltr'>flammas,</span> <span class='ocrx_word' id='word_1_68' title='bbox 1268 1714 1342 1756; x_wconf 87' lang='lat' dir='ltr'>eum</span> <span class='ocrx_word' id='word_1_69' title='bbox 1355 1686 1447 1770; x_wconf 83' lang='lat' dir='ltr'>saxa,</span> <span class='ocrx_word' id='word_1_70' title='bbox 1466 1714 1534 1758; x_wconf 88' lang='lat' dir='ltr'>curn</span> 
     </span>
     <span class='ocr_line' id='line_1_11' title="bbox 562 1794 1534 1878; baseline -0.001 -20"><span class='ocrx_word' id='word_1_71' title='bbox 562 1796 684 1878; x_wconf 84' lang='lat' dir='ltr'>stirpes,</span> <span class='ocrx_word' id='word_1_72' title='bbox 700 1812 774 1857; x_wconf 88' lang='lat' dir='ltr'>cum</span> <span class='ocrx_word' id='word_1_73' title='bbox 786 1794 860 1867; x_wconf 89' lang='lat' dir='ltr'>tela,</span> <span class='ocrx_word' id='word_1_74' title='bbox 877 1794 909 1855; x_wconf 94' lang='lat' dir='ltr'>in</span> <span class='ocrx_word' id='word_1_75' title='bbox 923 1794 1001 1857; x_wconf 89' lang='lat' dir='ltr'>tanti</span> <span class='ocrx_word' id='word_1_76' title='bbox 1015 1794 1140 1857; x_wconf 85' lang='lat' dir='ltr'>sceleris</span> <span class='ocrx_word' id='word_1_77' title='bbox 1154 1797 1414 1859; x_wconf 83' lang='lat' dir='ltr'>communionem</span> <span class='ocrx_word' id='word_1_78' title='bbox 1432 1815 1534 1859; x_wconf 88' lang='lat' dir='ltr'>vocas·</span> 
     </span>
     <span class='ocr_line' id='line_1_12' title="bbox 562 1895 1534 1978; baseline -0.003 -18"><span class='ocrx_word' id='word_1_79' title='bbox 562 1906 641 1970; x_wconf 88' lang='lat' dir='ltr'>sent,</span> <span class='ocrx_word' id='word_1_80' title='bbox 651 1916 691 1959; x_wconf 88' lang='lat' dir='ltr'>ne</span> <span class='ocrx_word' id='word_1_81' title='bbox 703 1898 769 1959; x_wconf 91' lang='lat' dir='ltr'>sola</span> <span class='ocrx_word' id='word_1_82' title='bbox 779 1896 912 1959; x_wconf 88' lang='lat' dir='ltr'>flumina</span> <span class='ocrx_word' id='word_1_83' title='bbox 925 1896 1028 1959; x_wconf 89' lang='lat' dir='ltr'>aliena</span> <span class='ocrx_word' id='word_1_84' title='bbox 1041 1895 1222 1959; x_wconf 88' lang='lat' dir='ltr'>viderentur</span> <span class='ocrx_word' id='word_1_85' title='bbox 1235 1898 1406 1971; x_wconf 90' lang='lat' dir='ltr'>acrimine,</span> <span class='ocrx_word' id='word_1_86' title='bbox 1417 1899 1534 1978; x_wconf 83' lang='lat' dir='ltr'>maguis</span> 
     </span>
     <span class='ocr_line' id='line_1_13' title="bbox 561 1992 1534 2083; baseline -0.005 -18"><span class='ocrx_word' id='word_1_87' title='bbox 561 2020 676 2083; x_wconf 82' lang='lat' dir='ltr'>corpus</span> <span class='ocrx_word' id='word_1_88' title='bbox 698 2008 866 2063; x_wconf 88' lang='lat' dir='ltr'>oneratum</span> <span class='ocrx_word' id='word_1_89' title='bbox 886 1998 1062 2081; x_wconf 81' lang='lat' dir='ltr'>lapidibus,</span> <span class='ocrx_word' id='word_1_90' title='bbox 1085 1999 1236 2061; x_wconf 86' lang='lat' dir='ltr'>altissima</span> <span class='ocrx_word' id='word_1_91' title='bbox 1261 1992 1534 2081; x_wconf 86' lang='lat' dir='ltr'>praeterlluentium</span> 
     </span>
     <span class='ocr_line' id='line_1_14' title="bbox 562 2101 1533 2186; baseline -0.005 -19"><span class='ocrx_word' id='word_1_92' title='bbox 562 2122 717 2186; x_wconf 84' lang='lat' dir='ltr'>aquarum</span> <span class='ocrx_word' id='word_1_93' title='bbox 732 2101 945 2185; x_wconf 80' lang='lat' dir='ltr'>profunditate</span> <span class='ocrx_word' id='word_1_94' title='bbox 964 2101 1161 2182; x_wconf 82' lang='lat' dir='ltr'>demergunt.</span> <span class='ocrx_word' id='word_1_95' title='bbox 1179 2102 1239 2165; x_wconf 88' lang='lat' dir='ltr'>Sed</span> <span class='ocrx_word' id='word_1_96' title='bbox 1257 2112 1343 2165; x_wconf 89' lang='lat' dir='ltr'>tanto</span> <span class='ocrx_word' id='word_1_97' title='bbox 1358 2122 1390 2164; x_wconf 86' lang='lat' dir='ltr'>se</span> <span class='ocrx_word' id='word_1_98' title='bbox 1405 2103 1533 2185; x_wconf 87' lang='lat' dir='ltr'>parrici-</span> 
     </span>
     <span class='ocr_line' id='line_1_15' title="bbox 561 2202 1533 2287; baseline -0.005 -18"><span class='ocrx_word' id='word_1_99' title='bbox 561 2207 615 2269; x_wconf 93' lang='lat' dir='ltr'>dio</span> <span class='ocrx_word' id='word_1_100' title='bbox 623 2206 791 2287; x_wconf 87' lang='lat' dir='ltr'>inquinare</span> <span class='ocrx_word' id='word_1_101' title='bbox 801 2204 907 2266; x_wconf 88' lang='lat' dir='ltr'>renuit</span> <span class='ocrx_word' id='word_1_102' title='bbox 915 2202 1000 2266; x_wconf 87' lang='lat' dir='ltr'>unda</span> <span class='ocrx_word' id='word_1_103' title='bbox 1007 2204 1171 2284; x_wconf 73' lang='lat' dir='ltr'>,quinimo</span> <span class='ocrx_word' id='word_1_104' title='bbox 1181 2202 1420 2283; x_wconf 83' lang='lat' dir='ltr'>fulgurisinstar</span> <span class='ocrx_word' id='word_1_105' title='bbox 1428 2204 1533 2265; x_wconf 89' lang='lat' dir='ltr'>emissa</span> 
     </span>
     <span class='ocr_line' id='line_1_16' title="bbox 561 2305 1533 2388; baseline -0.006 -18"><span class='ocrx_word' id='word_1_106' title='bbox 561 2309 647 2382; x_wconf 88' lang='lat' dir='ltr'>luce,</span> <span class='ocrx_word' id='word_1_107' title='bbox 671 2307 779 2370; x_wconf 88' lang='lat' dir='ltr'>docuit</span> <span class='ocrx_word' id='word_1_108' title='bbox 800 2306 1003 2368; x_wconf 88' lang='lat' dir='ltr'>demortuum</span> <span class='ocrx_word' id='word_1_109' title='bbox 1027 2305 1122 2367; x_wconf 89' lang='lat' dir='ltr'>etiam</span> <span class='ocrx_word' id='word_1_110' title='bbox 1142 2306 1368 2367; x_wconf 85' lang='lat' dir='ltr'>lluncevicium</span> <span class='ocrx_word' id='word_1_111' title='bbox 1388 2324 1477 2388; x_wconf 88' lang='lat' dir='ltr'>posse</span> <span class='ocrx_word' id='word_1_112' title='bbox 1498 2323 1533 2365; x_wconf 79' lang='lat' dir='ltr'>er</span> 
     </span>
     <span class='ocr_line' id='line_1_17' title="bbox 562 2405 1534 2487; baseline -0.006 -16"><span class='ocrx_word' id='word_1_113' title='bbox 562 2409 749 2471; x_wconf 89' lang='lat' dir='ltr'>fluminibus</span> <span class='ocrx_word' id='word_1_114' title='bbox 767 2407 901 2469; x_wconf 82' lang='lat' dir='ltr'>fulmina</span> <span class='ocrx_word' id='word_1_115' title='bbox 920 2407 1041 2469; x_wconf 88' lang='lat' dir='ltr'>elicere.</span> <span class='ocrx_word' id='word_1_116' title='bbox 1062 2405 1234 2469; x_wconf 84' lang='lat' dir='ltr'>Confestim</span> <span class='ocrx_word' id='word_1_117' title='bbox 1256 2408 1351 2487; x_wconf 81' lang='lat' dir='ltr'>igitur</span> <span class='ocrx_word' id='word_1_118' title='bbox 1365 2414 1534 2468; x_wconf 83' lang='lat' dir='ltr'>extractum</span> 
     </span>
     <span class='ocr_line' id='line_1_18' title="bbox 560 2506 1535 2593; baseline -0.004 -20"><span class='ocrx_word' id='word_1_119' title='bbox 560 2530 676 2593; x_wconf 89' lang='lat' dir='ltr'>corpus</span> <span class='ocrx_word' id='word_1_120' title='bbox 688 2511 806 2590; x_wconf 85' lang='lat' dir='ltr'>ingenti</span> <span class='ocrx_word' id='word_1_121' title='bbox 819 2527 937 2592; x_wconf 91' lang='lat' dir='ltr'>pompa</span> <span class='ocrx_word' id='word_1_122' title='bbox 951 2508 1110 2571; x_wconf 90' lang='lat' dir='ltr'>Polociam</span> <span class='ocrx_word' id='word_1_123' title='bbox 1122 2508 1273 2584; x_wconf 86' lang='lat' dir='ltr'>defertur,</span> <span class='ocrx_word' id='word_1_124' title='bbox 1287 2510 1364 2592; x_wconf 91' lang='lat' dir='ltr'>ipsis</span> <span class='ocrx_word' id='word_1_125' title='bbox 1376 2506 1535 2571; x_wconf 84' lang='lat' dir='ltr'>etiamCal&#39;</span> 
     </span>
     <span class='ocr_line' id='line_1_19' title="bbox 560 2610 1532 2695; baseline -0.005 -19"><span class='ocrx_word' id='word_1_126' title='bbox 560 2614 626 2677; x_wconf 87' lang='lat' dir='ltr'>vini</span> <span class='ocrx_word' id='word_1_127' title='bbox 641 2613 766 2675; x_wconf 87' lang='lat' dir='ltr'>asseclis</span> <span class='ocrx_word' id='word_1_128' title='bbox 778 2612 892 2673; x_wconf 85' lang='lat' dir='ltr'>feretro</span> <span class='ocrx_word' id='word_1_129' title='bbox 907 2610 1123 2674; x_wconf 85' lang='lat' dir='ltr'>subeuntibus.</span> <span class='ocrx_word' id='word_1_130' title='bbox 1142 2612 1231 2686; x_wconf 84' lang='lat' dir='ltr'>Quod</span> <span class='ocrx_word' id='word_1_131' title='bbox 1244 2614 1458 2695; x_wconf 87' lang='lat' dir='ltr'>spectaculum</span> <span class='ocrx_word' id='word_1_132' title='bbox 1469 2620 1532 2673; x_wconf 89' lang='lat' dir='ltr'>tuas</span> 
     </span>
     <span class='ocr_line' id='line_1_20' title="bbox 561 2712 1532 2796; baseline -0.008 -16"><span class='ocrx_word' id='word_1_133' title='bbox 561 2718 704 2791; x_wconf 88' lang='lat' dir='ltr'>mirifice,</span> <span class='ocrx_word' id='word_1_134' title='bbox 721 2716 916 2796; x_wconf 86' lang='lat' dir='ltr'>olosaphat‚</span> <span class='ocrx_word' id='word_1_135' title='bbox 933 2714 1043 2777; x_wconf 91' lang='lat' dir='ltr'>laudes</span> <span class='ocrx_word' id='word_1_136' title='bbox 1057 2714 1237 2794; x_wconf 86' lang='lat' dir='ltr'>geminavit.</span> <span class='ocrx_word' id='word_1_137' title='bbox 1255 2716 1306 2777; x_wconf 90' lang='lat' dir='ltr'>Bis</span> <span class='ocrx_word' id='word_1_138' title='bbox 1321 2716 1407 2777; x_wconf 91' lang='lat' dir='ltr'>enim</span> <span class='ocrx_word' id='word_1_139' title='bbox 1425 2723 1454 2777; x_wconf 89' lang='lat' dir='ltr'>te</span> <span class='ocrx_word' id='word_1_140' title='bbox 1469 2712 1532 2776; x_wconf 94' lang='lat' dir='ltr'>orbi</span> 
     </span>
     <span class='ocr_line' id='line_1_21' title="bbox 560 2818 1529 2893; baseline -0.004 -11"><span class='ocrx_word' id='word_1_141' title='bbox 560 2830 714 2882; x_wconf 86' lang='lat' dir='ltr'>terrarum</span> <span class='ocrx_word' id='word_1_142' title='bbox 742 2818 912 2881; x_wconf 86' lang='lat' dir='ltr'>adversarii</span> <span class='ocrx_word' id='word_1_143' title='bbox 943 2818 1094 2880; x_wconf 91' lang='lat' dir='ltr'>victorem</span> <span class='ocrx_word' id='word_1_144' title='bbox 1124 2819 1350 2893; x_wconf 86' lang='lat' dir='ltr'>ostenderunt,</span> <span class='ocrx_word' id='word_1_145' title='bbox 1378 2821 1529 2882; x_wconf 89' lang='lat' dir='ltr'>viventem</span> 
     </span>
     <span class='ocr_line' id='line_1_22' title="bbox 561 2921 1532 3005; baseline -0.004 -19"><span class='ocrx_word' id='word_1_146' title='bbox 561 2923 689 3005; x_wconf 83' lang='lat' dir='ltr'>abjectis</span> <span class='ocrx_word' id='word_1_147' title='bbox 701 2922 798 2985; x_wconf 87' lang='lat' dir='ltr'>armis</span> <span class='ocrx_word' id='word_1_148' title='bbox 809 2923 842 2983; x_wconf 92' lang='lat' dir='ltr'>in</span> <span class='ocrx_word' id='word_1_149' title='bbox 856 2940 974 3005; x_wconf 71' lang='lat' dir='ltr'>pugna,</span> <span class='ocrx_word' id='word_1_150' title='bbox 988 2921 1163 2984; x_wconf 85' lang='lat' dir='ltr'>extinctum</span> <span class='ocrx_word' id='word_1_151' title='bbox 1174 2924 1345 3005; x_wconf 89' lang='lat' dir='ltr'>suppositis</span> <span class='ocrx_word' id='word_1_152' title='bbox 1355 2924 1492 2986; x_wconf 92' lang='lat' dir='ltr'>humeris</span> <span class='ocrx_word' id='word_1_153' title='bbox 1503 2923 1532 2983; x_wconf 94' lang='lat' dir='ltr'>in</span> 
     </span>
     <span class='ocr_line' id='line_1_23' title="bbox 561 3026 1532 3109; baseline -0.003 -20"><span class='ocrx_word' id='word_1_154' title='bbox 561 3027 679 3096; x_wconf 81' lang='lat' dir='ltr'>funere.</span> <span class='ocrx_word' id='word_1_155' title='bbox 696 3029 897 3108; x_wconf 86' lang='lat' dir='ltr'>Quamquam</span> <span class='ocrx_word' id='word_1_156' title='bbox 911 3026 1057 3090; x_wconf 88' lang='lat' dir='ltr'>funusne</span> <span class='ocrx_word' id='word_1_157' title='bbox 1071 3029 1214 3090; x_wconf 88' lang='lat' dir='ltr'>hocloco</span> <span class='ocrx_word' id='word_1_158' title='bbox 1229 3028 1344 3090; x_wconf 85' lang='lat' dir='ltr'>dixerit</span> <span class='ocrx_word' id='word_1_159' title='bbox 1360 3028 1480 3109; x_wconf 89' lang='lat' dir='ltr'>aliquis,</span> <span class='ocrx_word' id='word_1_160' title='bbox 1497 3045 1532 3087; x_wconf 89' lang='lat' dir='ltr'>an</span> 
     </span>
     <span class='ocr_line' id='line_1_24' title="bbox 557 3127 1534 3213; baseline -0.004 -21"><span class='ocrx_word' id='word_1_161' title='bbox 557 3130 673 3213; x_wconf 87' lang='lat' dir='ltr'>justius</span> <span class='ocrx_word' id='word_1_162' title='bbox 693 3129 916 3210; x_wconf 63' lang='lat' dir='ltr'>triumphum?</span> <span class='ocrx_word' id='word_1_163' title='bbox 937 3129 1026 3191; x_wconf 87' lang='lat' dir='ltr'>Certe</span> <span class='ocrx_word' id='word_1_164' title='bbox 1048 3130 1073 3191; x_wconf 93' lang='lat' dir='ltr'>si</span> <span class='ocrx_word' id='word_1_165' title='bbox 1098 3128 1207 3203; x_wconf 77' lang='lat' dir='ltr'>suune,</span> <span class='ocrx_word' id='word_1_166' title='bbox 1231 3131 1359 3193; x_wconf 89' lang='lat' dir='ltr'>nonnisi</span> <span class='ocrx_word' id='word_1_167' title='bbox 1375 3130 1468 3192; x_wconf 91' lang='lat' dir='ltr'>funus</span> <span class='ocrx_word' id='word_1_168' title='bbox 1483 3127 1534 3189; x_wconf 92' lang='lat' dir='ltr'>fuit</span> 
     </span>
     <span class='ocr_line' id='line_1_25' title="bbox 560 3231 1533 3315; baseline -0.006 -19"><span class='ocrx_word' id='word_1_169' title='bbox 560 3233 803 3315; x_wconf 74' lang='lat' dir='ltr'>triumphantis,</span> <span class='ocrx_word' id='word_1_170' title='bbox 824 3251 897 3294; x_wconf 87' lang='lat' dir='ltr'>oum</span> <span class='ocrx_word' id='word_1_171' title='bbox 919 3233 1092 3315; x_wconf 70' lang='lat' dir='ltr'>praesertim</span> <span class='ocrx_word' id='word_1_172' title='bbox 1112 3240 1142 3295; x_wconf 84' lang='lat' dir='ltr'>ct</span> <span class='ocrx_word' id='word_1_173' title='bbox 1162 3232 1350 3294; x_wconf 88' lang='lat' dir='ltr'>lucidissimi</span> <span class='ocrx_word' id='word_1_174' title='bbox 1367 3231 1533 3315; x_wconf 91' lang='lat' dir='ltr'>splendoris</span> 
     </span>
     <span class='ocr_line' id='line_1_26' title="bbox 561 3334 1533 3417; baseline -0.006 -18"><span class='ocrx_word' id='word_1_175' title='bbox 561 3339 709 3399; x_wconf 91' lang='lat' dir='ltr'>columna</span> <span class='ocrx_word' id='word_1_176' title='bbox 718 3336 787 3417; x_wconf 85' lang='lat' dir='ltr'>ipso</span> <span class='ocrx_word' id='word_1_177' title='bbox 800 3336 991 3398; x_wconf 87' lang='lat' dir='ltr'>carnificinae</span> <span class='ocrx_word' id='word_1_178' title='bbox 1006 3343 1147 3417; x_wconf 89' lang='lat' dir='ltr'>tempore</span> <span class='ocrx_word' id='word_1_179' title='bbox 1158 3334 1492 3411; x_wconf 80' lang='lat' dir='ltr'>imminensVitebsco,</span> <span class='ocrx_word' id='word_1_180' title='bbox 1506 3342 1533 3393; x_wconf 86' lang='lat' dir='ltr'>et</span> 
     </span>
     <span class='ocr_line' id='line_1_27' title="bbox 561 3437 1532 3519; baseline -0.005 -19"><span class='ocrx_word' id='word_1_181' title='bbox 561 3457 731 3519; x_wconf 87' lang='lat' dir='ltr'>erumpens</span> <span class='ocrx_word' id='word_1_182' title='bbox 744 3456 761 3498; x_wconf 88' lang='lat' dir='ltr'>e</span> <span class='ocrx_word' id='word_1_183' title='bbox 773 3437 891 3498; x_wconf 88' lang='lat' dir='ltr'>nebula</span> <span class='ocrx_word' id='word_1_184' title='bbox 905 3455 1020 3518; x_wconf 86' lang='lat' dir='ltr'>corpus</span> <span class='ocrx_word' id='word_1_185' title='bbox 1035 3438 1180 3517; x_wconf 86' lang='lat' dir='ltr'>martyris</span> <span class='ocrx_word' id='word_1_186' title='bbox 1196 3438 1362 3500; x_wconf 92' lang='lat' dir='ltr'>obsidente</span> <span class='ocrx_word' id='word_1_187' title='bbox 1377 3437 1489 3511; x_wconf 90' lang='lat' dir='ltr'>radius,</span> <span class='ocrx_word' id='word_1_188' title='bbox 1506 3444 1532 3495; x_wconf 87' lang='lat' dir='ltr'>et</span> 
     </span>
     <span class='ocr_line' id='line_1_28' title="bbox 562 3539 1529 3623; baseline -0.004 -20"><span class='ocrx_word' id='word_1_189' title='bbox 562 3542 637 3603; x_wconf 90' lang='lat' dir='ltr'>bina</span> <span class='ocrx_word' id='word_1_190' title='bbox 658 3539 786 3603; x_wconf 88' lang='lat' dir='ltr'>infantis</span> <span class='ocrx_word' id='word_1_191' title='bbox 805 3559 866 3602; x_wconf 82' lang='lat' dir='ltr'>vox</span> <span class='ocrx_word' id='word_1_192' title='bbox 887 3541 1029 3620; x_wconf 81' lang='lat' dir='ltr'>ignotum</span> <span class='ocrx_word' id='word_1_193' title='bbox 1052 3541 1129 3602; x_wconf 89' lang='lat' dir='ltr'>tanti</span> <span class='ocrx_word' id='word_1_194' title='bbox 1154 3541 1211 3602; x_wconf 85' lang='lat' dir='ltr'>riri</span> <span class='ocrx_word' id='word_1_195' title='bbox 1229 3542 1393 3603; x_wconf 89' lang='lat' dir='ltr'>interitum</span> <span class='ocrx_word' id='word_1_196' title='bbox 1424 3539 1529 3623; x_wconf 85' lang='lat' dir='ltr'>praedi-</span> 
     </span>
     <span class='ocr_line' id='line_1_29' title="bbox 562 3642 1396 3724; baseline 0 -19"><span class='ocrx_word' id='word_1_197' title='bbox 562 3644 673 3718; x_wconf 90' lang='lat' dir='ltr'>cantis‚</span> <span class='ocrx_word' id='word_1_198' title='bbox 687 3644 793 3705; x_wconf 85' lang='lat' dir='ltr'>invicti</span> <span class='ocrx_word' id='word_1_199' title='bbox 811 3642 921 3704; x_wconf 91' lang='lat' dir='ltr'>militis</span> <span class='ocrx_word' id='word_1_200' title='bbox 935 3643 1076 3724; x_wconf 86' lang='lat' dir='ltr'>tropbaea</span> <span class='ocrx_word' id='word_1_201' title='bbox 1092 3642 1218 3705; x_wconf 92' lang='lat' dir='ltr'>abunde</span> <span class='ocrx_word' id='word_1_202' title='bbox 1232 3652 1396 3705; x_wconf 87' lang='lat' dir='ltr'>testentur.</span> 
     </span>
    </p>
   </div>
   <div class='ocr_carea' id='block_1_6' title="bbox 562 3866 1534 4256">
    <p class='ocr_par' dir='ltr' id='par_1_7' title="bbox 562 3866 1534 4256">
     <span class='ocr_line' id='line_1_30' title="bbox 603 3866 1531 3947; baseline -0.003 -19"><span class='ocrx_word' id='word_1_203' title='bbox 603 3867 678 3941; x_wconf 82' lang='lat' dir='ltr'>Quae</span> <span class='ocrx_word' id='word_1_204' title='bbox 698 3867 805 3928; x_wconf 90' lang='lat' dir='ltr'>omnia</span> <span class='ocrx_word' id='word_1_205' title='bbox 826 3867 899 3929; x_wconf 87' lang='lat' dir='ltr'>licet</span> <span class='ocrx_word' id='word_1_206' title='bbox 922 3866 1153 3947; x_wconf 87' lang='lat' dir='ltr'>amplissimum</span> <span class='ocrx_word' id='word_1_207' title='bbox 1173 3866 1286 3927; x_wconf 77' lang='lat' dir='ltr'>laetitiae</span> <span class='ocrx_word' id='word_1_208' title='bbox 1302 3884 1449 3947; x_wconf 85' lang='lat' dir='ltr'>campum</span> <span class='ocrx_word' id='word_1_209' title='bbox 1464 3881 1531 3943; x_wconf 87' lang='lat' dir='ltr'>ape-</span> 
     </span>
     <span class='ocr_line' id='line_1_31' title="bbox 562 3968 1534 4049; baseline -0.005 -17"><span class='ocrx_word' id='word_1_210' title='bbox 562 3972 655 4045; x_wconf 85' lang='lat' dir='ltr'>riant,</span> <span class='ocrx_word' id='word_1_211' title='bbox 673 3989 736 4033; x_wconf 92' lang='lat' dir='ltr'>non</span> <span class='ocrx_word' id='word_1_212' title='bbox 749 3980 853 4033; x_wconf 87' lang='lat' dir='ltr'>tamen</span> <span class='ocrx_word' id='word_1_213' title='bbox 866 3971 998 4033; x_wconf 90' lang='lat' dir='ltr'>omnino</span> <span class='ocrx_word' id='word_1_214' title='bbox 1010 3971 1164 4049; x_wconf 87' lang='lat' dir='ltr'>lacrymas</span> <span class='ocrx_word' id='word_1_215' title='bbox 1177 3970 1247 4031; x_wconf 90' lang='lat' dir='ltr'>illas</span> <span class='ocrx_word' id='word_1_216' title='bbox 1262 3969 1459 4049; x_wconf 84' lang='lat' dir='ltr'>abstergunt,</span> <span class='ocrx_word' id='word_1_217' title='bbox 1474 3968 1534 4048; x_wconf 89' lang='lat' dir='ltr'>qui·</span> 
     </span>
     <span class='ocr_line' id='line_1_32' title="bbox 565 4070 1531 4154; baseline -0.005 -20"><span class='ocrx_word' id='word_1_218' title='bbox 565 4073 626 4134; x_wconf 85' lang='lat' dir='ltr'>bus</span> <span class='ocrx_word' id='word_1_219' title='bbox 650 4074 867 4154; x_wconf 85' lang='lat' dir='ltr'>unusquisque</span> <span class='ocrx_word' id='word_1_220' title='bbox 892 4074 969 4135; x_wconf 87' lang='lat' dir='ltr'>tanti</span> <span class='ocrx_word' id='word_1_221' title='bbox 990 4073 1079 4135; x_wconf 87' lang='lat' dir='ltr'>ducis</span> <span class='ocrx_word' id='word_1_222' title='bbox 1099 4073 1300 4153; x_wconf 87' lang='lat' dir='ltr'>prosequitur</span> <span class='ocrx_word' id='word_1_223' title='bbox 1321 4091 1474 4135; x_wconf 88' lang='lat' dir='ltr'>occasum.</span> <span class='ocrx_word' id='word_1_224' title='bbox 1498 4070 1531 4129; x_wconf 87' lang='lat' dir='ltr'>Et</span> 
     </span>
     <span class='ocr_line' id='line_1_33' title="bbox 567 4171 1532 4256; baseline -0.007 -19"><span class='ocrx_word' id='word_1_225' title='bbox 567 4177 675 4239; x_wconf 88' lang='lat' dir='ltr'>multis</span> <span class='ocrx_word' id='word_1_226' title='bbox 691 4177 743 4238; x_wconf 90' lang='lat' dir='ltr'>ille</span> <span class='ocrx_word' id='word_1_227' title='bbox 759 4176 886 4256; x_wconf 83' lang='lat' dir='ltr'>quidem</span> <span class='ocrx_word' id='word_1_228' title='bbox 902 4175 1014 4237; x_wconf 87' lang='lat' dir='ltr'>flebilis</span> <span class='ocrx_word' id='word_1_229' title='bbox 1029 4174 1157 4245; x_wconf 86' lang='lat' dir='ltr'>occidit,</span> <span class='ocrx_word' id='word_1_230' title='bbox 1181 4174 1262 4236; x_wconf 90' lang='lat' dir='ltr'>nulli</span> <span class='ocrx_word' id='word_1_231' title='bbox 1282 4182 1388 4235; x_wconf 91' lang='lat' dir='ltr'>tamen</span> <span class='ocrx_word' id='word_1_232' title='bbox 1410 4171 1532 4235; x_wconf 87' lang='lat' dir='ltr'>flebilior</span> 
     </span>
    </p>
   </div>
   <div class='ocr_carea' id='block_1_7' title="bbox 0 0 1634 5484">
    <p class='ocr_par' dir='ltr' id='par_1_8' title="bbox 0 0 1634 5484">
     <span class='ocr_line' id='line_1_34' title="bbox 0 0 1634 5484; baseline 0 0"><span class='ocrx_word' id='word_1_233' title='bbox 0 0 1634 5484; x_wconf 95' lang='lat' dir='ltr'> </span> 
     </span>
    </p>
   </div>
  </div>
 </body>
</html>
