3259 5484
106 877 348 968 pulchriorem
363 900 495 948 caesum
510 902 616 971 quam
635 879 755 949 vivum
768 882 966 973 praesulem,
984 880 1082 951 cultu

115 990 429 1081 prosequebantur,
451 991 488 1060 in
510 992 703 1084 parricidas
718 993 982 1064 maledictiones
1001 992 1083 1085 jac-

115 1100 243 1169 tabant.

154 1219 240 1283 Tum
251 1238 335 1285 vero
350 1217 459 1285 eflusa
471 1218 514 1285 ad
528 1238 658 1286 novum
669 1218 909 1309 spectaculum
925 1218 1079 1300 Polocia,
1108 1231 1193 1303 Ponet·
1208 1243 1285 1287 conus
1298 1231 1355 1273 οιαὶ·

113 1350 214 1418 quem
235 1330 354 1399 vivum
383 1330 562 1421 prosperis
587 1329 678 1399 votis
707 1329 898 1411 eduxerat,
927 1330 1082 1399 occisum
1158 1292 1302 1351 pamm

113 1438 313 1510 infelicibus
331 1442 494 1511 lamentis
514 1441 666 1533 excepit.
688 1446 890 1534 lautusque
904 1442 1082 1535 populosae

113 1573 305 1622 concursus
324 1554 441 1622 fuerat
459 1552 569 1632 urbis,
592 1559 632 1621 ut
651 1553 749 1622 locus
775 1554 819 1621 ad
838 1553 933 1646 ripas
957 1574 1083 1647 capere

114 1664 288 1755 nequiret.
304 1664 418 1733 Latini
433 1664 647 1755 rutheniqne
658 1664 839 1745 catholici,
856 1664 1081 1745 schismatici,

113 1774 291 1854 haretici,
312 1774 438 1865 judaei,
475 1775 612 1843 feminae
643 1774 816 1866 puerique
852 1774 1013 1844 certatim
1041 1776 1083 1843 ad

114 1909 265 1979 corpus,
293 1888 389 1957 nulla
415 1894 576 1957 notatum
602 1887 818 1966 mutatione,
848 1908 1083 1957 concurrere:

114 1999 293 2089 adspicere
331 1998 477 2068 vulnera
511 1998 617 2067 fidem
652 2004 849 2067 contestata
882 2023 889 2066 :
925 2000 1084 2068 venerari

114 2117 207 2177 artus
228 2109 354 2177 hostiae
379 2113 449 2178 lleo
473 2115 629 2177 sacratae.
654 2108 810 2188 Clamor,
829 2108 952 2188 lletus,
971 2109 1086 2179 male-

114 2224 300 2304 dictiones,
324 2230 360 2294 ct
378 2224 556 2293 execratio
570 2224 607 2290 in
625 2225 815 2293 sceleratos
830 2226 958 2295 coelum
972 2247 1087 2317 pene-

115 2333 266 2403 trabant.
306 2334 451 2403 Plurimi
496 2334 677 2425 ejuravcre
711 2334 886 2413 schisma,
920 2336 1085 2405 unionem

114 2446 319 2515 aeviternum
335 2446 501 2537 amplexi.
525 2445 685 2515 Universi
700 2446 846 2538 martyri
863 2447 1083 2539 supplicare,

115 2579 264 2647 quarum
281 2558 383 2627 vivus
403 2558 522 2627 ovium
546 2558 719 2627 sollicitus
740 2567 861 2651 pastor
879 2582 1000 2629 curam
1017 2562 1087 2628 ba—

115 2670 269 2753 buisset,
304 2692 426 2739 earum
454 2675 526 2740 Deo
563 2693 717 2762 praesens
747 2671 930 2741 ardentius
957 2670 1087 2741 memi-

114 2781 1087 2875 nisset.lllatuspraesulcathedralisanctaeSopbiaetem·

115 2894 182 2983 plo,
201 2894 362 2963 omnium
380 2894 470 2963 visui
486 2894 529 2963 ad
549 2895 685 2987 aliquot
699 2917 840 2965 menses
863 2896 1082 2987 propositus,

114 3010 242 3099 speciei
259 3011 386 3079 decore
413 3010 619 3090 immutato,
637 3015 780 3102 stupere
795 3016 832 3080 et
846 3010 981 3079 conteri
1005 3009 1085 3078 fidei

115 3121 351 3203 adversarios,
369 3122 480 3190 laetari
504 3129 540 3191 et
559 3123 760 3192 confirmari
782 3123 973 3192 catholicos
988 3122 1082 3191 fecit.

155 3237 234 3303 Mox
264 3240 304 3302 ut
337 3234 455 3301 aulam
489 3233 648 3324 gloriosae
684 3233 860 3303 memoriae
895 3232 1087 3325 sigismun-
1113 3231 1360 3337 Slfgfflssffiflssozffi

114 3343 148 3411 di
168 3350 231 3426 lll,
261 3346 365 3437 Regis
391 3346 562 3425 Poloniae,
591 3351 663 3414 tam
690 3346 864 3415 nefarium
889 3344 1087 3436 penetravit
1140 3326 1357 3410 missariosd'esismt-

114 3455 270 3537 lacinus,
300 3478 453 3525 exnunc
474 3461 626 3527 Leonem
653 3457 838 3549 Sapiebam
865 3456 1083 3536 Vilnensem,

114 3571 314 3639 Samuelem
346 3570 564 3662 Sanguszho,
602 3570 867 3640 Vitebscencem
892 3569 1084 3661 palatinos,

114 3682 407 3774 christophorum
433 3682 643 3762 Soholinski,
671 3683 901 3751 castellanum
933 3682 1089 3753 blstisla-

113 3792 290 3874 viensem,
322 3794 558 3863 Alexandrum
599 3794 786 3863 Corvinum
824 3795 1084 3875 Gosievscium,

115 3904 394 3974 referendarium
409 3911 445 3974 et
460 3906 637 3974 notarium
654 3910 697 3976 Μ.
712 3910 867 3974 Ducatus
878 3906 1084 3985 Lithuaniae,

114 4016 352 4084 Alexandrum
372 4016 533 4108 Sapieha,
564 4017 787 4108 capitaneum
813 4020 1062 4087 Orszanensem
1076 4056 1093 4097 ,-

116 4126 487 4219 aliosqueVitebscum
498 4131 722 4209 descendere,
737 4132 851 4201 scelus
864 4153 1084 4223 cognoscere,
