3259 5484
444 737 623 808 ..ἳὸ-

47 887 228 957 humiliter
241 885 387 964 auditis,
405 889 440 954 et
453 906 549 954 sacra
566 885 689 976 synaxi
706 905 784 953 cum
796 883 920 952 laetitia
933 905 1022 974 prae·

47 999 138 1078 stlta,
150 1003 340 1090 postquam
351 995 568 1076 inservisset,
581 995 636 1065 vel
645 995 856 1086 purulentos
866 994 1020 1086 pretium

47 1117 119 1180 erat
141 1109 299 1178 lambere
321 1115 358 1177 et
376 1107 573 1178 exosculari
597 1107 717 1199 pedes,
743 1106 818 1178 Vile
838 1106 1019 1198 cujusdam

47 1221 263 1313 tuguriolum
279 1219 384 1312 aegri,
409 1219 587 1288 ulceribus
611 1218 798 1298 scatentis,
821 1224 858 1288 et
880 1239 1021 1308 gravem

47 1332 245 1401 exhalantis
257 1332 401 1400 odorem
415 1330 618 1410 intraverat,
635 1335 674 1398 ut
688 1337 831 1420 peccata
842 1351 905 1398 sua
917 1329 1023 1399 conti-

48 1449 178 1512 tentem
192 1442 385 1534 exciperet.
402 1442 468 1511 Sed
484 1463 563 1511 cum
578 1440 693 1510 socius
709 1441 1020 1532 tergiversaretur',

47 1575 150 1622 manu
171 1553 388 1644 prehensum
407 1551 567 1629 induxit,
590 1571 806 1630 memorem,
831 1555 1024 1620 momenta·

47 1681 111 1728 neo
125 1660 250 1729 faetore
266 1665 438 1728 aeternum
454 1663 699 1727 commutaret.

88 1785 269 1854 Probitate
281 1785 358 1874 ejus
373 1784 490 1854 allecti
510 1783 682 1876 primores
703 1783 900 1852 Lithuaniae
914 1790 1024 1851 certa·
1051 1807 1296 1862 »ingraminatus

49 1897 213 1967 timeum
242 1898 285 1966 ad
314 1921 350 1968 se
376 1898 528 1990 quisque
551 1899 767 1989 pertrahere.
792 1897 1025 1987 Hieronymus
1119 1870 1229 1926 'ww'

48 2008 287 2088 Chodkievicz,
311 2009 523 2078 castellanus
538 2007 732 2088 Vilnensis,
753 2007 1024 2077 celeberrimum

49 2120 299 2190 monasterium
329 2119 572 2213 Suprasliense
596 2121 747 2189 tradere.
776 2124 928 2188 loannes
950 2124 1027 2190 lle-

50 2235 180 2316 leszko,
199 2237 415 2306 castellanus
430 2237 725 2317 Smolenscensis,
748 2259 855 2328 quem
875 2237 1027 2307 oschis-

49 2360 138 2423 mate
168 2354 297 2423 Unioni
324 2354 482 2424 lucratus
506 2363 580 2436 est,
613 2355 856 2447 Zyroviciense
886 2356 1023 2424 offerre.

50 2464 235 2555 Gregorius
251 2469 394 2556 Tryzna,
413 2465 676 2536 marschalchus
692 2465 940 2546 Slonimensis,
965 2469 1027 2556 By·

51 2577 205 2646 thenium
232 2578 394 2648 invitare.
425 2581 593 2671 losaphat
625 2578 826 2647 humilitate
858 2600 922 2648 sua
945 2600 1026 2647 cum

51 2688 230 2760 abnuisset
239 2691 468 2783 Suprasliam‚
479 2693 661 2761 voluntate
673 2691 855 2784 praepositi
869 2690 1023 2782 losephi,

51 2800 258 2888 Bythenium
286 2801 480 2871 descendit.
519 2802 651 2872 lsthinc
677 2802 858 2870 translatis
893 2800 1026 2870 ordinis

52 2910 158 2977 nostri
183 2910 399 2981 monialibus
422 2913 584 2983 Pinscum
611 2913 785 3005 (profilia
810 2912 942 3005 quippe
963 2933 1027 2980 sua

52 3021 196 3114 aliisque
207 3032 425 3094 memoratus
439 3030 570 3117 Tryzna
586 3025 673 3094 illud
688 3025 874 3113 erexerat),
891 3045 1028 3092 monas·

53 3137 176 3205 terium
187 3139 344 3207 virorum
355 3135 565 3205 habitationi
577 3133 1027 3225 destinavitpersonasque

54 3249 187 3320 locavit.
206 3251 305 3334 Quod
321 3249 545 3341 postmodum
564 3245 734 3340 tyrocinio
755 3245 888 3314 ordinis
906 3267 1029 3313 sacra-

53 3365 122 3427 tum
137 3368 202 3431 est.
218 3359 499 3453 Zyroviciensem
512 3381 617 3451 porro
630 3359 763 3440 locum,
783 3367 858 3428 tum
872 3357 1027 3452 primum
1135 3384 1179 3396 ···

52 3474 171 3543 aelero
183 3472 346 3542 saeculari
357 3477 552 3564 receptum,
564 3472 599 3539 in
613 3471 865 3541 monasterium
877 3470 1024 3562 redegit.

53 3585 154 3676 Cujus
167 3586 340 3678 regimine
356 3590 554 3676 assumpte,
573 3583 730 3654 aedificiis
744 3583 848 3663 illud,
865 3581 1028 3674 amplitu-

52 3699 128 3771 dine
166 3701 352 3799 ecclesiam
388 3698 674 3790 ornamentisque
700 3698 808 3767 sacris
836 3691 1025 3767 decoravit.

55 3815 254 3883 Deuotionis
276 3815 411 3883 cultum
436 3813 479 3881 ad
503 3813 748 3883 miraculosam
771 3812 843 3881 illic
869 3813 1027 3904 Deiparae

53 3923 237 4018 imaginem
264 3924 475 3994 introduxit:
500 3929 573 4006 Quo
600 3925 749 4005 factum,
768 3931 808 3993 ut
829 3946 899 3993 non
924 3924 1028 3992 modo

54 4042 163 4111 dictus
177 4041 351 4112 Meleszko
364 4064 443 4111 cum
460 4042 558 4120 aliis,
577 4042 638 4110 sed
651 4043 757 4111 etiam
770 4045 840 4110 Leo
854 4041 1024 4133 Sapieha‚

55 4160 125 4222 tum
152 4155 268 4248 Magni
296 4159 449 4225 Ducatus
473 4154 669 4224 Lithuaniae
694 4154 943 4232 cancellariae,
975 4150 1028 4221 vir
