3259 5484
334 1157 409 1213 inopia
426 1156 555 1201 monasterii.

324 2491 377 2533 llira
386 2490 423 2532 uei
430 2489 567 2543 providentia.

991 735 1172 805 -30..

594 895 675 986 plus
690 895 902 987 reperisset,
924 916 1031 988 quam
1050 893 1221 972 deberet,
1246 894 1322 965 viro
1346 894 1408 965 Dei
1433 893 1563 965 retulit.

593 1012 671 1102 lpse
686 1031 788 1080 vero:
803 1016 917 1080 totum
929 1010 1018 1079 illud
1031 1009 1174 1080 coelitus
1188 1009 1221 1078 ei
1234 1009 1402 1090 missum3
1423 1006 1567 1078 baberet

593 1121 753 1213 proinde,
765 1128 801 1190 et
814 1121 944 1213 inopiae
956 1143 1031 1190 sum
1041 1120 1257 1192 subveniret.
1273 1123 1359 1189 Cum
1371 1119 1418 1188 ob
1428 1119 1568 1188 crebras

594 1232 835 1324 eleemosynas
865 1233 901 1300 in
937 1254 1113 1326 pauperes
1145 1237 1323 1323 erogatas,
1362 1230 1568 1300 necessariis

595 1343 849 1412 monasterium
862 1344 1042 1421 delineret,
1063 1343 1218 1412 mirabili
1237 1342 1300 1413 [lei
1319 1341 1569 1411 sublevabatur

595 1453 827 1546 providentia.
867 1459 1107 1548 Praeterquam
1144 1454 1239 1524 enim
1283 1455 1379 1546 quod
1415 1453 1568 1545 undique

596 1567 761 1638 allluente
776 1565 960 1636 bominum
975 1566 1138 1657 largitate
1153 1564 1221 1657 ipsi
1233 1563 1496 1644 subveniretur,
1510 1586 1569 1656 per

595 1677 752 1769 quietem
774 1678 882 1748 etiam
903 1686 940 1748 et
956 1678 1025 1748 sub
1044 1683 1183 1747 noctem
1206 1675 1365 1770 patronis
1380 1675 1458 1746 suis
1471 1697 1568 1744 eom-

595 1813 730 1885 parere‚
742 1801 931 1862 etmouere
945 1793 989 1861 ad
996 1791 1193 1884 juvandum
1204 1790 1292 1859 illud
1307 1789 1456 1859 solebat.
1474 1790 1568 1871 Quod

595 1904 726 1996 saepius
746 1904 813 1973 sibi
834 1905 993 1974 evenisse
1007 1904 1164 1997 Ignatius
1182 1903 1373 1984 bubonion,
1397 1904 1568 1996 praedives

594 2017 717 2085 consul
733 2016 927 2097 Vilnensis‚
951 2023 988 2087 et
1007 2016 1102 2086 lilius
1117 2018 1213 2107 ejus,
1242 2017 1468 2109 postmodum
1483 2016 1567 2084 reli-

595 2128 715 2218 giosus
730 2135 850 2200 noster
867 2135 904 2198 et
919 2129 1193 2199 archimandrita
1207 2127 1399 2209 Vilnensis‚
1422 2128 1567 2220 professi
1626 2170 1627 2253 p

595 2252 691 2313 sunt.
715 2249 781 2314 Per
798 2267 905 2337 quem
927 2244 986 2314 ille
1002 2267 1125 2314 somno
1138 2245 1296 2324 levatus,
1318 2267 1362 2314 ex
1386 2266 1482 2312 nune
1496 2245 1568 2313 lre-
1626 2258 1627 2333 l

595 2356 1568 2450 quentesetmagnaseleemosynaesuppetiaslosaphato
1626 2338 1627 2385 ¹

595 2466 840 2536 submittebat.
863 2468 1017 2549 Quadam
1036 2468 1112 2538 vioe
1139 2474 1237 2536 tanta
1259 2467 1398 2559 inopia,
1426 2473 1569 2559 propter

595 2577 755 2647 eamdem
775 2576 810 2646 in
827 2599 1002 2670 pauperes
1014 2579 1194 2670 losaphati
1211 2577 1472 2657 liberalitatem,
1490 2598 1569 2644 mo-
1626 2600 1627 2625 ³

595 2687 790 2756 naslerium
818 2694 1017 2780 presserat,
1054 2695 1095 2758 ut
1127 2688 1216 2758 nihil
1242 2695 1469 2782 superesset,
1499 2711 1569 2780 quo

595 2800 749 2892 religiosi
768 2801 1011 2872 reficerentur.
1039 2804 1207 2894 iosaphat
1226 2825 1308 2872 eum
1339 2802 1512 2872 fratribus
1536 2802 1570 2869 in
1626 2804 1627 2891 i

595 2913 743 2982 eeclesia
764 2913 878 2983 oravit
897 2915 1101 2997 Dominum
1119 2935 1163 2984 en
1181 2913 1247 2983 tibi
1262 2914 1421 3006 quinque
1444 2935 1571 2982 currus
1626 2896 1627 2965 l

596 3025 701 3094 variis
729 3025 908 3095 alimentis
941 3026 1060 3096 onusti
1086 3031 1293 3119 comparent
1324 3046 1405 3094 oum
1435 3025 1568 3104 servis,

595 3141 696 3234 quasi
717 3163 738 3210 a
759 3141 902 3213 domino
930 3141 1083 3232 quodam
1106 3139 1244 3220 missis,
1270 3145 1309 3208 et
1327 3137 1439 3230 rogati
1468 3137 1573 3228 eujus
1626 3136 1627 3199 l

595 3263 732 3337 essent,
755 3256 991 3336 reticuerunt,
1009 3254 1179 3347 brevique
1194 3254 1466 3325 abscesserunt:
1487 3275 1573 3322 ere·

488 3445 490 3450 1
594 3370 781 3460 ditumque
800 3391 821 3437 a
841 3367 989 3437 Domino
1012 3367 1205 3447 caelorum,
1229 3366 1357 3436 merito
1374 3366 1571 3456 losaphati.
1626 3366 1627 3455 j

595 3481 693 3563 Quod
725 3478 948 3572 frequentius
972 3479 1079 3548 etiam
1101 3476 1308 3547 usuvenisse
1337 3477 1373 3544 in
1401 3497 1574 3568 processu
1626 3472 1627 3511 ³

595 3602 760 3662 asserunt
770 3597 892 3662 testes.
904 3591 1046 3660 Addunt
1055 3590 1228 3669 nonnulli,
1244 3589 1293 3656 nil
1304 3595 1380 3659 tum
1391 3609 1455 3680 pro
1467 3610 1576 3679 pran-

595 3705 653 3774 dio
676 3710 817 3774 coetum
840 3703 970 3784 fuisse,
996 3703 1143 3795 proinde
1162 3702 1269 3771 etiam
1293 3701 1425 3770 cibaria
1446 3722 1577 3770 reeens
1626 3734 1627 3737 ¹

595 3822 694 3886 ooota
722 3837 802 3885 oum
833 3820 918 3906 potu
952 3814 1198 3906 praestantiore
1221 3813 1299 3906 ipsa
1319 3815 1406 3882 hora
1431 3815 1578 3905 prandii
1626 3808 1627 3851 ³

595 3929 717 4010 allata3
736 3927 867 4019 quibus
879 3927 1001 3996 refecti
1016 3930 1258 3996 omneslleum
1271 3925 1488 3994 mirabilium
1506 3949 1578 4019 pa·
1626 3984 1627 4011 2

594 4046 764 4110 tratorem
779 4039 1035 4108 eollaudavere.
1049 4039 1295 4131 Orphanorum
1309 4058 1452 4106 oausam
1464 4043 1503 4106 et
1519 4039 1580 4107 vi·

593 4155 780 4225 duaruma
803 4151 1043 4245 potentiorum
1062 4150 1216 4242 injuria,
1241 4171 1322 4218 eum
1350 4147 1470 4218 verbis
1499 4155 1580 4219 tum
1626 4174 1627 4229 ξ
