3259 5484
338 1373 357 1410 at
368 1367 487 1411 dexteritas.

958 755 1136 824 ..56-

563 919 794 1008 refragantes,
825 915 950 984 edictis
973 914 1099 1007 regiis,
1123 915 1204 1007 jure
1231 916 1335 984 etiam
1366 917 1466 984 variis
1492 917 1525 985 in

561 1026 1535 1119 subselliismediantccoerciti,ctunionisanctaeaggre

560 1137 642 1229 gali.
656 1136 941 1207 Mirabilcmsane
952 1136 1054 1205 illein
1070 1137 1187 1206 verbis
1202 1136 1420 1216 suavitatem,
1436 1138 1529 1205 inra-

563 1248 956 1340 tionibusgravitatom,
977 1248 1011 1316 io
1024 1248 1313 1340 persuasionibus
1331 1249 1528 1318 felicitatem

562 1359 695 1429 babuit.
712 1361 834 1428 Clarus
850 1359 884 1426 in
896 1359 1126 1438 discursibus,
1144 1359 1180 1426 in
1195 1359 1373 1451 responsis
1386 1381 1531 1451 promp-

562 1479 634 1551 tus,
658 1493 794 1540 summe
814 1492 948 1540 memor
970 1471 1007 1538 in
1029 1471 1178 1540 citandis
1197 1470 1402 1539 auctoribus
1420 1470 1531 1538 libris

560 1605 630 1674 que
646 1583 832 1652 slavonicis
847 1581 995 1661 exstitit,
1013 1589 1052 1650 nt
1068 1604 1148 1650 raro
1165 1582 1208 1652 de
1225 1581 1471 1660 schismaticis
1489 1582 1532 1649 de

562 1692 1535 1785 unioueegerit,netrinmpbarit.Libellumasocompo

561 1806 684 1885 situm,
701 1806 851 1893 Defensio
868 1807 1000 1872 ultiouis
1012 1804 1158 1884 dictum,
1175 1805 1333 1896 aliosque
1348 1806 1413 1872 bac
1428 1825 1533 1894 super

560 1939 596 1985 re
624 1917 668 1984 ab
693 1917 771 1985 aliis
804 1916 873 1985 luci
898 1918 1017 1995 datos
1047 1916 1267 2008 pecuniaque
1289 1921 1529 2008 comparatos,

559 2026 672 2097 varios
692 2028 785 2096 inter
805 2028 1043 2120 dispergebat.
1067 2028 1207 2096 Latinos
1226 2050 1369 2119 quoquc
1386 2027 1467 2096 bulo
1480 2027 1533 2096 rei

558 2141 800 2208 accommodos
811 2139 931 2218 libros,
946 2140 980 2206 in
990 2140 1132 2231 vulgare
1145 2139 1285 2218 idioma,
1295 2139 1354 2230 qui
1368 2137 1535 2206 schisma-

559 2251 637 2318 ticis
655 2251 861 2344 largiretur,
879 2251 1059 2320 transferri
1073 2252 1219 2319 curavit.
1238 2251 1322 2319 llinr
1337 2251 1536 2319 Alexander

558 2363 795 2452 Tyszkievicz,
823 2384 1010 2453 supremus
1034 2361 1232 2431 Polocensis
1257 2362 1391 2453 judex,
1416 2366 1536 2429 Zona-

556 2496 631 2541 ram
651 2474 813 2566 polonico
839 2473 1020 2542 transtulit
1040 2475 1149 2563 stylo,
1177 2480 1217 2542 ut
1238 2473 1411 2542 desiderio
1429 2479 1536 2540 losa-

557 2587 675 2679 pbati,
694 2589 861 2678 losaphat
876 2585 1180 2655 schismaticorum
1198 2585 1325 2664 saluti,
1344 2584 1537 2654 velificare·

557 2707 626 2768 tur.
652 2700 868 2790 Quandoque
889 2702 1011 2767 Patres
1036 2697 1221 2767 societatis
1244 2702 1342 2776 lesu,
1374 2697 1535 2787 aliosque

555 2810 648 2879 viros
664 2810 834 2902 egregios
850 2810 944 2902 quod
960 2833 979 2876 a
995 2832 1032 2878 se
1047 2809 1297 2888 abborrerent,
1324 2809 1367 2876 ad
1390 2807 1537 2876 illorum

555 2925 710 2994 molliter
730 2926 904 2993 curandas
926 2923 1157 2992 submittebat
1179 2923 1324 2992 animas.
1350 2923 1384 2992 Si
1406 2923 1537 2991 modus

555 3038 666 3106 defuit
705 3039 848 3105 domum
885 3036 1038 3129 aliquam
1071 3036 1208 3127 integre
1241 3037 1282 3103 ad
1323 3034 1535 3103 catholicam
1622 3084 1623 3107 v

555 3147 781 3218 convertendi
797 3147 975 3227 unionem,
997 3147 1103 3216 variis
1118 3147 1247 3216 institit
1268 3147 1401 3227 modis,
1422 3152 1461 3215 ut
1475 3148 1538 3217 vel

556 3249 693 3330 unicam
705 3284 749 3330 ex
760 3283 800 3329 ea
811 3261 1009 3329 lucraretur
1018 3259 1169 3328 animam
1181 3284 1188 3328 :
1201 3281 1378 3353 perquam
1390 3259 1535 3341 deinde,

554 3397 629 3444 ase
652 3375 741 3444 bene
761 3373 988 3453 instructam,
1021 3373 1107 3442 alias
1135 3374 1271 3444 occulte
1294 3375 1535 3466 pertraheret.

555 3492 627 3568 Qua
640 3486 776 3555 ratiune
790 3509 883 3578 saepe
897 3508 1018 3555 omnes
1034 3485 1069 3554 in
1085 3488 1249 3555 domibus
1263 3487 1333 3555 illis
1348 3486 1538 3557 catholicae
1622 3528 1623 3551 v

554 3599 768 3690 adjungebat
783 3597 877 3666 fidei.
893 3597 1020 3667 Obvios
1031 3598 1197 3677 salutare,
1217 3598 1345 3666 blande
1360 3598 1535 3679 osculari,

553 3709 772 3777 munusculis
792 3710 986 3789 honorare;
1008 3730 1181 3800 pauperes
1198 3730 1320 3777 omnes
1339 3709 1540 3802 eleemosy-

552 3819 607 3887 nis
620 3825 656 3889 et
670 3823 848 3889 confessos
863 3819 1110 3899 uberioribus,
1129 3821 1172 3889 ad
1192 3820 1358 3889 unionem
1373 3821 1536 3892 allicere.

552 3936 679 4000 Domos
693 3932 930 4023 frequentare,
943 3931 1269 4000 conversationibus
1280 3932 1488 4024 importune
1499 3958 1539 4004 se

551 4042 731 4134 ingerere,
750 4041 940 4134 opprobria
954 4041 1108 4110 suaviter
1123 4041 1297 4133 excipere,
1311 4042 1354 4109 ad
1370 4064 1538 4112 mensam

444 4207 446 4212 .
552 4176 651 4223 suam
666 4153 827 4234 invitare,
843 4158 879 4222 et
892 4152 988 4222 cibos
1003 4152 1095 4222 inter
1107 4152 1157 4220 nil
1171 4152 1266 4222 alind
1277 4152 1344 4221 nisi
1361 4153 1538 4225 unionem
