3259 5484
977 710 1176 781 -l80-

591 894 654 957 cop.
670 878 701 947 3,
723 875 754 937 S.
770 878 908 941 loannes
922 878 1172 960 chrysostomus,
1196 880 1250 941 tit.
1266 890 1368 941 eontra
1394 880 1499 943 Gemit.
1522 880 1549 940 de

591 977 719 1059 Babyloe
735 980 836 1059 pestis,
859 989 890 1042 et
910 978 941 1042 S.
964 981 1123 1055 Paulinus
1150 984 1236 1063 epist.
1262 988 1290 1043 ἓ.
1313 982 1354 1043 od
1381 982 1546 1053 Victrieium,

590 1082 771 1143 exclamans
791 1104 797 1143 2
823 1082 973 1145 octrici
987 1084 1147 1164 ineffabilis
1163 1084 1287 1162 bonitas,
1303 1092 1442 1165 quantum
1458 1086 1485 1143 in
1498 1104 1548 1144 suos

590 1184 718 1245 ostendit
731 1184 885 1265 offertum!
908 1187 1054 1266 injurium
1077 1188 1251 1268 confessoris
1273 1187 1321 1248 sui
1346 1208 1402 1247 non
1425 1188 1493 1247 tulit
1510 1188 1549 1245 im-

588 1288 745 1368 punitam,
774 1290 828 1371 qni
852 1291 913 1351 suis
937 1292 1164 1373 crucifixoribus
1190 1294 1308 1374 roqaoit
1343 1294 1459 1373 ipuosei.
1490 1292 1549 1353 Coa-

592 1391 744 1452 tumeliam
757 1393 906 1473 martpris
925 1395 1028 1454 stetim
1050 1394 1131 1455 ultus
1153 1402 1214 1467 est,
1239 1394 1292 1475 qui
1309 1396 1468 1477 passionem
1482 1414 1546 1452 suan

592 1493 691 1553 uoluit
707 1493 867 1555 uindicare.

631 1598 677 1659 Ex
696 1597 814 1679 quibus
833 1598 983 1660 omnibus
1005 1598 1044 1659 (le
1066 1598 1205 1677 legitima
1220 1598 1361 1677 martyrii
1376 1618 1481 1670 causa,
1500 1598 1548 1659 hoc

591 1705 659 1773 est,
676 1696 748 1760 fidei
762 1698 896 1771 Christi,
911 1717 1035 1761 necnon
1050 1698 1138 1761 Sedis
1159 1700 1339 1781 apostolicae
1358 1708 1390 1760 et
1408 1699 1549 1761 catholica

591 1799 664 1862 lidei
688 1800 895 1874 defensione,
921 1810 1066 1863 constare
1089 1802 1312 1863 existimabant
1336 1821 1372 1863 ac
1400 1802 1550 1864 tuebantur

591 1902 716 1984 patroni
740 1918 842 1965 causae
866 1922 924 1985 pro
946 1904 1141 1984 Josaplrato,
1172 1905 1346 1985 praesertim
1371 1904 1446 1985 quia
1471 1902 1551 1982 hujus

591 2008 714 2070 veritati
729 2008 858 2071 aliunde
872 2008 967 2091 petita
990 2026 1163 2070 consonare
1184 2007 1331 2070 ridentur
1347 2006 1514 2070 testimonia
1527 2013 1551 2064 et

593 2108 788 2172 adminicula
799 2118 830 2173 et
842 2110 1054 2192 probationes,
1066 2129 1147 2190 quae,
1160 2110 1183 2171 si
1199 2128 1253 2191 per
1263 2128 1294 2171 se
1305 2129 1370 2172 non
1382 2111 1550 2179 sufficerent,

591 2216 709 2305 debent
720 2217 871 2299 conjungi
887 2217 1009 2291 adhoc,
1028 2227 1062 2280 ut
1077 2218 1170 2300 plena
1186 2219 1331 2300 probatio
1348 2238 1386 2281 ex
1400 2220 1461 2282 illis
1473 2218 1551 2281 colli-

592 2328 695 2399 gatar.

632 2426 729 2487 Fama
744 2424 896 2487 nimirum
911 2425 997 2488 illius
1010 2427 1150 2507 martyrii
1170 2435 1201 2489 et
1212 2425 1392 2487 communis
1413 2422 1514 2505 opinio
1528 2430 1552 2481 et

592 2534 750 2614 reputatio
772 2534 938 2607 omnium,
965 2536 1019 2615 qui
1045 2554 1171 2597 serrum
1195 2534 1248 2596 Dei
1275 2542 1428 2613 tanquam
1453 2528 1553 2593 Christi

592 2646 762 2718 martyrem
777 2646 978 2711 venerantur,
995 2637 1034 2699 de
1053 2658 1116 2719 qua
1131 2636 1295 2719 deponunt
1309 2635 1419 2696 decem
1435 2642 1518 2695 testes
1529 2632 1553 2689 iu

593 2723 906 2817 processeramus,
923 2744 1100 2821 nempese,
1118 2744 1174 2812 cs,
1192 2743 1241 2811 ee,
1257 2742 1311 2811 n,
1329 2742 1368 2798 m
1379 2786 1386 2810 ‚
1399 2742 1447 2809 rr,
1466 2738 1516 2797 ros
1531 2740 1555 2791 e

592 2838 650 2902 109
664 2848 695 2901 et
707 2840 773 2902 duo
790 2849 882 2902 testes
895 2840 948 2902 hic
962 2841 994 2902 in
1009 2841 1086 2903 urbe
1096 2841 1265 2903 examinati
1279 2890 1286 2913 ,
1299 2847 1395 2921 atque
1406 2838 1554 2901 universus

593 2942 731 3023 populus
756 2942 935 3023 polocensis
959 2942 1101 3005 unanimi
1125 2961 1200 3005 voce
1229 2942 1417 3013 affirmavit,
1445 2953 1553 3001 servum

592 3042 647 3104 Dei
662 3062 720 3125 pro
732 3044 793 3105 fide
806 3045 981 3119 catholica,
1001 3064 1058 3127 pro
1073 3046 1211 3127 primatu
1227 3045 1257 3107 S.
1275 3044 1357 3105 Petri
1373 3053 1403 3104 et
1418 3040 1553 3106 obedien-

591 3146 633 3207 tia
647 3145 768 3207 Summi
788 3147 957 3221 Pontilicis,
975 3165 1032 3228 pro
1060 3148 1176 3209 unione
1199 3146 1346 3208 Ecclesia
1366 3144 1474 3207 Graecee
1491 3156 1554 3202 cum

593 3257 701 3311 sancta
715 3249 856 3311 Romana
871 3248 1008 3311 Ecclesia
1023 3259 1053 3311 et
1069 3268 1175 3311 amore
1190 3248 1301 3310 salutis
1318 3247 1491 3309 animarum
1508 3258 1551 3303 oc-

592 3351 693 3411 cisum
709 3351 819 3423 luisse3
834 3358 927 3430 atque
943 3352 1197 3433 archiepiscopus
1214 3350 1394 3413 Polocensis
1412 3366 1481 3410 cum
1500 3352 1556 3406 tote

592 3470 651 3514 suo
669 3453 754 3515 clero
768 3463 798 3513 et
811 3452 993 3533 episcopatu
1009 3453 1094 3514 clara
1113 3461 1144 3514 ct
1157 3453 1239 3514 elata
1263 3470 1351 3525 voce,
1376 3446 1555 3512 adstantibus

592 3562 624 3616 et
647 3556 895 3616 acclamantibus
917 3557 1002 3631 suis,
1022 3574 1147 3617 serrum
1173 3556 1227 3616 Dei
1253 3556 1285 3615 in
1312 3572 1407 3615 suum
1427 3560 1455 3613 et
1472 3548 1554 3611 totius

593 3654 881 3736 archiepiscopatus
904 3666 1075 3738 patronum
1097 3656 1231 3737 sumpsit
1253 3673 1313 3737 pro
1336 3650 1554 3716 canonizatione

593 3755 793 3835 supplicans;
806 3756 892 3836 quod
908 3756 990 3819 idem
1001 3758 1212 3839 praestiterunt
1227 3757 1313 3818 clara
1329 3755 1435 3817 itidem
1448 3759 1476 3813 et
1486 3750 1555 3810 elata

591 3874 669 3918 voce
683 3858 848 3939 episcopus
867 3860 1069 3934 Haliciensis‚
1086 3858 1251 3941 coadjutor
1272 3858 1477 3942 metropolitae
1490 3853 1554 3915 Kio·
1587 3897 1590 3906 ι

592 3957 725 4031 niensis,
750 3960 880 4021 nomine
906 3961 1133 4041 metropolitae,
1161 3979 1197 4022 ac
1229 3980 1289 4043 pro
1316 3970 1382 4023 tota
1406 3950 1555 4036 metropoli

592 4059 722 4134 Russiae3
739 4069 841 4123 rector
851 4062 975 4142 collegii
988 4062 1056 4125 Soc.
1074 4064 1147 4124 lesu
1159 4062 1340 4125 Polocensis
1354 4080 1411 4144 pro
1427 4066 1486 4121 toto
1497 4052 1555 4115 col-

591 4161 695 4240 legio,
712 4181 834 4225 necnon
850 4164 1048 4243 magistratus
1063 4165 1255 4245 palatinatus
1276 4166 1370 4228 castri
1393 4172 1423 4227 et
1437 4156 1555 4225 civitatis
