3259 5484
767 909 1029 996 MONITUM
1063 910 1345 998 EDITORIS.

619 1211 856 1280 Rarissimam
883 1205 953 1278 lsoc
972 1205 1102 1278 lacobi
1124 1209 1237 1278 Susza
1260 1231 1351 1306 opus
1365 1212 1403 1278 in
1432 1206 1553 1280 lucem

571 1311 702 1376 iterum
719 1305 844 1378 edenti
859 1303 951 1376 milti
962 1304 1058 1374 niliil
1067 1311 1252 1403 antiquius
1255 1308 1357 1398 sitit,
1378 1332 1487 1403 quam
1512 1324 1555 1378 ut

570 1410 748 1500 genuinus
770 1427 936 1474 romanoe
963 1402 1131 1474 editionis
1154 1419 1275 1474 textus
1300 1403 1438 1474 rediret
1459 1410 1554 1475 inte-

573 1517 744 1572 meratus.
764 1504 943 1592 Quocirca
963 1507 1086 1570 omnia
1100 1517 1249 1572 servata
1260 1516 1344 1572 sunt
1363 1501 1458 1574 adeo
1471 1503 1556 1572 reli·

571 1605 670 1696 giose
683 1655 691 1690 ,
706 1615 745 1670 ut
759 1605 870 1670 etiam
885 1598 1015 1670 modus
1026 1624 1134 1696 quem
1149 1606 1185 1668 in
1198 1598 1397 1670 scribendis
1406 1598 1555 1671 slauicis

574 1696 778 1768 nominibus
792 1703 985 1794 usurpauit
995 1714 1137 1786 auctor,
1154 1703 1368 1769 remanserit
1380 1703 1550 1768 intactus.

575 1797 669 1885 Quia
679 1811 802 1866 tamen
813 1801 962 1865 aomina
971 1792 1036 1863 illa
1044 1811 1237 1866 recurrunt
1238 1797 1551 1892 frequentissime,

574 1892 703 1964 modus
723 1911 846 1963 antem
859 1892 1043 1963 scribendi
1059 1899 1202 1963 nonnisi
1222 1891 1368 1964 Poloais
1385 1892 1557 1964 solemnis

576 2007 651 2077 est,
683 1991 765 2062 ideo
793 2016 866 2060 non
896 1990 961 2060 abs
984 2016 1024 2061 re
1043 1992 1135 2082 sore
1157 1997 1321 2088 putaui,
1341 1997 1373 2065 si
1399 1991 1452 2062 ad
1467 2016 1555 2061 eum

575 2087 842 2159 declarandam
857 2088 1031 2186 quoedam
1046 2096 1124 2186 ipso
1140 2094 1242 2158 initio
1253 2088 1448 2159 uoluminis
1486 2114 1558 2159 ree-

569 2203 809 2282 ponerentur.
848 2192 1057 2257 Meminerit
1088 2192 1212 2285 itaque
1246 2185 1359 2257 lector
1392 2115 1559 2284 pobinici

577 2283 760 2368 idiomatis
794 2291 943 2381 ignarus
969 2342 980 2371 ,
1015 2284 1153 2355 litteras
1184 2309 1220 2354 sz
1244 2285 1487 2354 enuntiandas
1516 2303 1557 2354 ut

576 2379 751 2477 gallicum
762 2383 807 2454 ch
821 2388 874 2474 (in
889 2381 1070 2453 uocabulo
1085 2371 1201 2469 cheb&
1216 2382 1343 2452 litteris
1356 2407 1396 2452 cz
1406 2388 1557 2452 omnino

578 2480 798 2576 respondere
805 2478 996 2551 italicumc
1013 2485 1088 2569 (est²
1102 2507 1160 2577 gr.
1178 2485 1362 2571 Cicerone,
1377 2479 1558 2576 cielo)aut

578 2577 763 2673 anglicum
779 2577 824 2648 ch
842 2578 1026 2676 (church);
1048 2603 1096 2647 ex
1112 2602 1183 2676 quo
1204 2593 1358 2676 utroque
1370 2603 1458 2648 sono
1475 2603 1561 2648 con·

578 2676 667 2758 stari
684 2681 922 2772 compositum
943 2674 1039 2747 illud
1056 2701 1151 2764 szcz;
1178 2676 1335 2773 denique
1357 2675 1518 2746 litteram
1539 2703 1559 2747 c

578 2797 708 2842 sonare
727 2797 800 2844 non
813 2799 914 2844 secus
929 2800 975 2844 ac
994 2772 1157 2845 italicum
1182 2790 1247 2844 aut
1265 2779 1521 2870 germanicum
1541 2802 1559 2844 z

579 2869 730 2963 (scienza
746 2927 755 2961 ,
770 2872 871 2966 zeit);
891 2872 1050 2942 litteram
1069 2896 1158 2941 vero
1175 2898 1193 2940 z
1202 2871 1427 2969 polonicam,
1442 2871 1563 2942 sicubi

578 2968 697 3038 subest
717 2984 856 3066 puncto
876 2986 941 3040 aut
962 2971 1037 3040 alio
1056 2974 1158 3066 signo
1177 2969 1357 3064 ejusmodi
1366 3027 1376 3056 ,
1392 2970 1564 3067 proferri

581 3081 621 3135 ut
637 3066 812 3162 gallicam
834 3070 846 3162 j
877 3072 932 3161 (in
953 3066 1134 3138 uocabulo
1152 3069 1263 3163 jour).
1291 3071 1389 3137 Hinc
1407 3073 1561 3136 nomina

574 3171 733 3261 propria
766 3168 873 3236 Susza
892 3222 901 3253 ,
926 3170 1150 3255 Kuncevicz,
1167 3170 1314 3261 Szczyt,
1338 3163 1558 3255 Smotricki,

581 3264 818 3358 'zyrovicensis
845 3263 1013 3361 legantur
1044 3279 1187 3360 oportet
1227 3289 1271 3333 ac
1304 3268 1336 3334 si
1367 3261 1562 3332 Gallorum

581 3384 683 3429 more
710 3366 847 3458 scripta
862 3363 1049 3452 ficissent:
1073 3361 1238 3447 Soucha,
1265 3359 1560 3452 Kountsevitch,

584 3459 732 3554 Stchyt,
758 3459 958 3530 Smotritski
977 3515 986 3548 ,
1000 3460 1257 3556 jyrovitsensis.
1275 3461 1402 3555 Atque
1417 3458 1498 3528 liceo
1514 3460 1564 3528 de

582 3554 722 3626 slavica
740 3557 1007 3654 orthographia
1014 3573 1243 3654 praenotasse
1258 3556 1426 3651 sufficiat.

633 3658 817 3751 Superest,
830 3671 869 3724 ut
878 3653 991 3725 lector
1000 3653 1410 3739 benevolusmoneatur‚
1424 3679 1565 3723 nouam

584 3753 681 3822 lianc
704 3752 900 3822 editionem
919 3759 1034 3823 uariis
1050 3769 1197 3823 auctam
1215 3777 1289 3824 esse
1308 3753 1562 3842 documentis,

585 3851 638 3919 ad
661 3866 763 3947 gesta
784 3855 891 3919 beati
913 3850 1093 3948 losapbat
1119 3849 1351 3942 illustranda,
1381 3865 1421 3918 ut
1443 3866 1563 3944 puto,

585 3949 724 4018 idoneis
736 3980 750 4034 ,·
770 3953 959 4044 antiquam
980 3973 1069 4018 vero
1085 3946 1187 4018 illam
1209 3949 1369 4043 ejusdem
1389 3953 1566 4040 martyris

585 4045 739 4142 effigiem
755 4071 829 4143 qua
843 4063 1017 4132 ornatur,
1035 4063 1278 4143 peramanter
1291 4045 1384 4116 milri
1403 4069 1566 4114 comma·

585 4150 745 4214 nicatam
756 4145 877 4235 fuisse
902 4171 926 4214 a
951 4147 1027 4215 BR.
1053 4149 1128 4217 ΡΡ.
1151 4143 1408 4231 Bollandistis,
1434 4142 1567 4242 quibus

586 4242 670 4312 ideo
677 4241 850 4340 publicas
863 4242 1075 4341 debitasque
1084 4247 1225 4339 gratius
1236 4244 1378 4335 referre
1393 4240 1512 4313 laetor.
