3259 5484
430 705 633 777 -107-

57 876 155 955 [prem
174 867 359 937 recoleret.
383 868 433 937 nd
463 868 665 960 sepulcrum
685 866 763 957 ejus
785 875 867 937 uota
896 867 1020 937 couci-

57 998 139 1065 pere,
150 977 290 1046 tabellis
298 984 444 1069 argento
453 984 489 1047 et
498 1002 583 1049 auro
592 981 704 1061 laetis,
717 980 886 1050 calicibus
897 978 1016 1058 saeris

54 1089 224 1180 cereisque
240 1089 436 1159 innumeris
446 1090 534 1161 illud
545 1094 711 1163 decorare
723 1117 730 1161 :
741 1092 893 1171 litanias,
906 1112 1017 1171 saera,

55 1221 238 1291 precesque
261 1201 388 1281 varias,
407 1207 446 1269 ut
460 1202 533 1271 illic
552 1203 690 1284 tierent,
706 1224 909 1295 procurare.
924 1205 1021 1270 lma-

54 1312 141 1402 gines
166 1315 245 1405 ejus
272 1315 435 1384 certatim
463 1316 557 1385 domi
581 1318 733 1410 quisquc
756 1340 828 1387 suae
855 1315 1018 1385 locabat:

54 1426 233 1516 particulas
249 1428 423 1508 vestium,
446 1428 571 1508 cilicii,
593 1430 804 1509 linteorum,
823 1449 1020 1521 pannorum

55 1539 192 1619 tumbae,
213 1539 281 1607 alii'
296 1540 340 1608 de
362 1538 452 1608 collo
471 1540 647 1631 pensiles,
666 1540 726 1607 alii
747 1539 906 1609 vestibus
928 1537 1022 1606 insu-

55 1653 116 1728 tas,
131 1650 189 1717 alii
210 1650 249 1717 in
272 1649 385 1719 thecis
407 1672 586 1719 sacrarum
611 1650 842 1743 reliquiarum
867 1650 1018 1729 locatas,

54 1759 316 1828 venerabantur.
335 1764 378 1828 Et
393 1781 625 1851 quaecumque
637 1762 694 1830 vel
707 1782 856 1851 corpus,
875 1759 929 1828 vel
945 1781 1023 1827 san-

53 1870 183 1959 guinem
203 1871 429 1963 tetigissent,
455 1876 496 1940 ut
517 1877 611 1940 terra
635 1872 670 1940 in
694 1895 763 1963 qua
784 1893 912 1951 caesus,
930 1870 1021 1939 schi-

53 1979 108 2048 diae
132 1982 311 2073 parietum
331 2003 622 2073 prospersorum,
649 1980 871 2070 similiaque,
896 2000 1022 2071 magno

54 2093 138 2161 cultu
164 2093 487 2186 prosequebantur.
516 2093 618 2161 Illum
644 2093 680 2160 in
707 2092 873 2184 precibus
898 2098 1024 2183 pauo-

54 2226 146 2285 num,
173 2206 208 2273 in
237 2205 397 2274 adversis
422 2206 580 2297 asylum,
607 2205 642 2272 iu
669 2204 801 2274 morbis
829 2205 1019 2284 medelam,

54 2313 260 2407 quicumque
276 2315 549 2394 invocaverunt,
571 2315 824 2406 probaverunt.
840 2319 909 2385 Nec
924 2314 1024 2384 dubi-

54 2429 163 2494 tarunt
178 2426 239 2495 alii
265 2426 358 2495 filios
376 2427 413 2494 in
438 2427 663 2519 baptismatis
687 2434 723 2497 et
747 2427 1024 2496 confirmationis

55 2538 276 2608 sacramentis
309 2539 518 2630 Josaphatos
538 2538 742 2619 nominare,
761 2539 821 2606 alii
843 2540 885 2608 ad
908 2540 1025 2632 sepul-

55 2668 142 2715 crum
173 2649 256 2740 ejus
285 2648 482 2740 nudipedes
507 2671 527 2718 a
551 2650 654 2742 longe
673 2650 816 2731 venire;
851 2650 909 2718 alii
936 2649 1024 2718 illu-

55 2760 190 2830 striores
214 2760 382 2829 curribus
403 2766 483 2852 post
502 2767 644 2829 centum
671 2760 795 2854 viginti
814 2766 851 2831 et
871 2760 1024 2851 amplius

55 2868 160 2940 leneas
175 2872 363 2951 accedere,
380 2879 421 2940 ut
432 2894 503 2941 suae
519 2872 716 2942 devotionis
731 2871 855 2942 solatia
869 2871 1024 2964 percipe-

54 2991 133 3052 rent.
148 2984 260 3053 Editae
271 2984 307 3051 in
321 2984 437 3053 lucem
449 2984 605 3053 virorum
616 3006 825 3077 magnorum
837 2984 1024 3075 conciones

53 3096 295 3187 orationesque
312 3096 474 3187 polonico
487 3095 669 3186 latinoque
684 3096 849 3165 idiomate
864 3119 871 3178 ;
888 3118 1023 3165 necnon

53 3204 185 3277 libellus
199 3208 447 3297 loeupletidos,
468 3208 619 3277 Antonio
640 3208 897 3289 Sanctacrucio,
916 3211 1025 3301 Apos-

52 3318 154 3389 tolicae
179 3319 282 3389 Sedis
297 3320 340 3387 ad
355 3319 619 3411 sigismundum
645 3324 698 3400 lll,
727 3320 841 3389 felicis
865 3319 1025 3389 recorda·

53 3426 149 3497 tionis
163 3429 317 3499 Poloniae
337 3435 374 3499 et
388 3429 520 3499 Sueeiae
538 3452 673 3521 regem,
694 3430 835 3510 nuntio,
854 3430 1024 3523 archiepi-

53 3559 149 3631 scopo
165 3540 347 3621 Seleueiae,
360 3547 442 3632 post
452 3544 486 3608 S.
503 3545 664 3609 Romanae
677 3541 837 3611 Ecclesiae
849 3540 1023 3611 Cardinali

52 3650 195 3720 dicatus.
219 3651 377 3743 Denique
394 3652 566 3721 catholica
579 3653 723 3733 Russia,
740 3654 945 3734 Lithuania,
963 3659 1024 3724 Po-

54 3758 138 3830 lonia
150 3762 269 3831 colere
285 3783 388 3841 eum,
405 3768 446 3831 ut
458 3784 521 3855 pro
537 3766 570 3831 S.
592 3767 630 3830 R.
645 3763 809 3832 Ecclesiae
823 3762 1023 3832 obedientia

54 3890 196 3953 caesum,
222 3877 262 3940 ut
285 3893 407 3940 verum
424 3880 636 3964 martyrem,
662 3872 698 3940 iu
720 3872 855 3943 deliciis
878 3872 1019 3953 habuit,

53 3981 170 4055 honori
198 3984 268 4053 sibi
300 4006 341 4053 ac
374 3984 533 4053 felicitati
560 4006 699 4076 semper
722 3984 835 4053 duxit.
868 3988 1022 4067 Quorum

53 4099 203 4168 omnium
224 4098 353 4189 plenus
366 4104 519 4166 testatur
536 4118 722 4188 processus
735 4095 961 4189 apostolicus.
