<?xml version="1.0" encoding="UTF-8"?>
<!DOCTYPE html PUBLIC "-//W3C//DTD XHTML 1.0 Transitional//EN"
    "http://www.w3.org/TR/xhtml1/DTD/xhtml1-transitional.dtd">
<html xmlns="http://www.w3.org/1999/xhtml" xml:lang="en" lang="en">
 <head>
  <title>
</title>
<meta http-equiv="Content-Type" content="text/html;charset=utf-8" />
  <meta name='ocr-system' content='tesseract 3.04.00' />
  <meta name='ocr-capabilities' content='ocr_page ocr_carea ocr_par ocr_line ocrx_word'/>
</head>
<body>
  <div class='ocr_page' id='page_1' title='image "./cursusvitetcert00martgoog_0134.png"; bbox 0 0 3259 5484; ppageno 0'>
   <div class='ocr_carea' id='block_1_1' title="bbox 998 678 1199 750">
    <p class='ocr_par' dir='ltr' id='par_1_1' title="bbox 998 678 1199 750">
     <span class='ocr_line' id='line_1_1' title="bbox 998 678 1199 750; baseline -0.005 -1"><span class='ocrx_word' id='word_1_1' title='bbox 998 678 1199 750; x_wconf 83' lang='grc'><strong>-110-</strong></span> 
     </span>
    </p>
   </div>
   <div class='ocr_carea' id='block_1_2' title="bbox 319 832 1613 4059">
    <p class='ocr_par' dir='ltr' id='par_1_2' title="bbox 319 832 1567 1365">
     <span class='ocr_line' id='line_1_2' title="bbox 319 832 1562 930; baseline -0.013 -15"><span class='ocrx_word' id='word_1_2' title='bbox 319 860 324 865; x_wconf 83' lang='grc'><em>“</em></span> <span class='ocrx_word' id='word_1_3' title='bbox 352 856 579 915; x_wconf 65' lang='lat' dir='ltr'>loun-mn·</span> <span class='ocrx_word' id='word_1_4' title='bbox 658 839 693 909; x_wconf 84' lang='grc'>9.</span> <span class='ocrx_word' id='word_1_5' title='bbox 718 838 906 909; x_wconf 84' lang='lat' dir='ltr'>Catbarina</span> <span class='ocrx_word' id='word_1_6' title='bbox 931 837 1142 930; x_wconf 90' lang='lat' dir='ltr'>Kopijovna,</span> <span class='ocrx_word' id='word_1_7' title='bbox 1170 834 1314 906; x_wconf 80' lang='lat' dir='ltr'>loannis</span> <span class='ocrx_word' id='word_1_8' title='bbox 1336 832 1562 911; x_wconf 88' lang='lat' dir='ltr'>Kossarovski‚</span> 
     </span>
     <span class='ocr_line' id='line_1_3' title="bbox 615 947 1565 1038; baseline -0.012 -17"><span class='ocrx_word' id='word_1_9' title='bbox 615 951 775 1022; x_wconf 88' lang='lat' dir='ltr'>advocati</span> <span class='ocrx_word' id='word_1_10' title='bbox 802 949 1076 1020; x_wconf 89' lang='lat' dir='ltr'>lachimanensis</span> <span class='ocrx_word' id='word_1_11' title='bbox 1102 948 1247 1019; x_wconf 83' lang='lat' dir='ltr'>Polociae</span> <span class='ocrx_word' id='word_1_12' title='bbox 1275 947 1422 1038; x_wconf 79' lang='lat' dir='ltr'>conjux,</span> <span class='ocrx_word' id='word_1_13' title='bbox 1451 966 1565 1013; x_wconf 89' lang='lat' dir='ltr'>annua</span> 
     </span>
     <span class='ocr_line' id='line_1_4' title="bbox 616 1054 1563 1155; baseline -0.011 -24"><span class='ocrx_word' id='word_1_14' title='bbox 616 1071 722 1155; x_wconf 87' lang='lat' dir='ltr'>partu</span> <span class='ocrx_word' id='word_1_15' title='bbox 744 1062 903 1155; x_wconf 91' lang='lat' dir='ltr'>virgineo</span> <span class='ocrx_word' id='word_1_16' title='bbox 922 1060 1030 1141; x_wconf 69' lang='lat'>1625,</span> <span class='ocrx_word' id='word_1_17' title='bbox 1055 1060 1091 1127; x_wconf 96' lang='lat' dir='ltr'>in</span> <span class='ocrx_word' id='word_1_18' title='bbox 1108 1058 1283 1152; x_wconf 90' lang='lat' dir='ltr'>januario,</span> <span class='ocrx_word' id='word_1_19' title='bbox 1306 1064 1411 1150; x_wconf 91' lang='lat' dir='ltr'>partu</span> <span class='ocrx_word' id='word_1_20' title='bbox 1432 1054 1563 1148; x_wconf 90' lang='lat' dir='ltr'>gravida,</span> 
     </span>
     <span class='ocr_line' id='line_1_5' title="bbox 617 1166 1567 1264; baseline -0.011 -22"><span class='ocrx_word' id='word_1_21' title='bbox 617 1173 715 1242; x_wconf 84' lang='lat' dir='ltr'>nulla</span> <span class='ocrx_word' id='word_1_22' title='bbox 738 1194 801 1264; x_wconf 91' lang='lat' dir='ltr'>spe</span> <span class='ocrx_word' id='word_1_23' title='bbox 823 1172 923 1251; x_wconf 85' lang='lat' dir='ltr'>vitae,</span> <span class='ocrx_word' id='word_1_24' title='bbox 947 1170 1182 1263; x_wconf 80' lang='lat' dir='ltr'><strong>patrocinium</strong></span> <span class='ocrx_word' id='word_1_25' title='bbox 1201 1169 1267 1237; x_wconf 91' lang='lat' dir='ltr'>viri</span> <span class='ocrx_word' id='word_1_26' title='bbox 1279 1168 1341 1237; x_wconf 87' lang='lat' dir='ltr'>Dei</span> <span class='ocrx_word' id='word_1_27' title='bbox 1363 1166 1522 1260; x_wconf 76' lang='lat' dir='ltr'>exposcit,</span> <span class='ocrx_word' id='word_1_28' title='bbox 1540 1172 1567 1233; x_wconf 89' lang='lat' dir='ltr'>et</span> 
     </span>
     <span class='ocr_line' id='line_1_6' title="bbox 617 1283 1321 1365; baseline -0.009 -8"><span class='ocrx_word' id='word_1_29' title='bbox 617 1293 778 1357; x_wconf 90' lang='lat' dir='ltr'>actutum</span> <span class='ocrx_word' id='word_1_30' title='bbox 798 1286 919 1365; x_wconf 90' lang='lat' dir='ltr'>enixa,</span> <span class='ocrx_word' id='word_1_31' title='bbox 942 1283 1126 1353; x_wconf 89' lang='lat' dir='ltr'>sanissima</span> <span class='ocrx_word' id='word_1_32' title='bbox 1140 1283 1321 1353; x_wconf 81' lang='lat' dir='ltr'><strong>remansit.</strong></span> 
     </span>
    </p>

    <p class='ocr_par' dir='ltr' id='par_1_3' title="bbox 436 1390 1613 2161">
     <span class='ocr_line' id='line_1_7' title="bbox 436 1390 1567 1488; baseline -0.011 -18"><span class='ocrx_word' id='word_1_33' title='bbox 436 1400 442 1409; x_wconf 84' lang='lat'>&#39;</span> <span class='ocrx_word' id='word_1_34' title='bbox 538 1396 590 1469; x_wconf 84' lang='lat'>&#39;.·</span> <span class='ocrx_word' id='word_1_35' title='bbox 661 1399 716 1469; x_wconf 84' lang='lat' dir='ltr'>to.</span> <span class='ocrx_word' id='word_1_36' title='bbox 742 1396 944 1467; x_wconf 89' lang='lat' dir='ltr'>Gennadius</span> <span class='ocrx_word' id='word_1_37' title='bbox 955 1396 1197 1476; x_wconf 88' lang='lat' dir='ltr'>Cbmielnicki,</span> <span class='ocrx_word' id='word_1_38' title='bbox 1213 1394 1376 1488; x_wconf 86' lang='lat' dir='ltr'>superior</span> <span class='ocrx_word' id='word_1_39' title='bbox 1387 1390 1567 1463; x_wconf 88' lang='lat' dir='ltr'>monasterii</span> 
     </span>
     <span class='ocr_line' id='line_1_8' title="bbox 569 1489 1569 1599; baseline -0.01 -21"><span class='ocrx_word' id='word_1_40' title='bbox 569 1489 576 1501; x_wconf 53' lang='grc'><strong><em>’</em></strong></span> <span class='ocrx_word' id='word_1_41' title='bbox 620 1508 782 1579; x_wconf 88' lang='lat' dir='ltr'>basiliani</span> <span class='ocrx_word' id='word_1_42' title='bbox 808 1507 1019 1588; x_wconf 91' lang='lat' dir='ltr'>Polocensis‚</span> <span class='ocrx_word' id='word_1_43' title='bbox 1051 1507 1148 1576; x_wconf 90' lang='lat' dir='ltr'>brevi</span> <span class='ocrx_word' id='word_1_44' title='bbox 1172 1514 1253 1599; x_wconf 92' lang='lat' dir='ltr'>post</span> <span class='ocrx_word' id='word_1_45' title='bbox 1278 1526 1400 1575; x_wconf 80' lang='lat' dir='ltr'><strong>necem</strong></span> <span class='ocrx_word' id='word_1_46' title='bbox 1428 1503 1569 1593; x_wconf 71' lang='lat' dir='ltr'>martvris</span> 
     </span>
     <span class='ocr_line' id='line_1_9' title="bbox 620 1616 1568 1713; baseline -0.008 -24"><span class='ocrx_word' id='word_1_47' title='bbox 620 1620 744 1689; x_wconf 93' lang='lat' dir='ltr'>morbo</span> <span class='ocrx_word' id='word_1_48' title='bbox 758 1620 961 1713; x_wconf 80' lang='lat' dir='ltr'>paralyseos</span> <span class='ocrx_word' id='word_1_49' title='bbox 979 1620 1188 1701; x_wconf 88' lang='lat' dir='ltr'>dissolutus,</span> <span class='ocrx_word' id='word_1_50' title='bbox 1206 1619 1359 1689; x_wconf 91' lang='lat' dir='ltr'>triennio</span> <span class='ocrx_word' id='word_1_51' title='bbox 1374 1618 1489 1711; x_wconf 80' lang='lat' dir='ltr'>egredi</span> <span class='ocrx_word' id='word_1_52' title='bbox 1500 1616 1568 1686; x_wconf 82' lang='lat' dir='ltr'>cette</span> 
     </span>
     <span class='ocr_line' id='line_1_10' title="bbox 622 1729 1569 1826; baseline -0.007 -25"><span class='ocrx_word' id='word_1_53' title='bbox 622 1732 792 1826; x_wconf 90' lang='lat' dir='ltr'>nequivit.</span> <span class='ocrx_word' id='word_1_54' title='bbox 808 1736 934 1802; x_wconf 85' lang='lat' dir='ltr'>Votum</span> <span class='ocrx_word' id='word_1_55' title='bbox 951 1732 1115 1823; x_wconf 68' lang='lat' dir='ltr'>martpris</span> <span class='ocrx_word' id='word_1_56' title='bbox 1129 1732 1265 1801; x_wconf 87' lang='lat' dir='ltr'>visendi</span> <span class='ocrx_word' id='word_1_57' title='bbox 1280 1731 1451 1823; x_wconf 88' lang='lat' dir='ltr'>concepit,</span> <span class='ocrx_word' id='word_1_58' title='bbox 1466 1736 1499 1799; x_wconf 88' lang='lat' dir='ltr'>et</span> <span class='ocrx_word' id='word_1_59' title='bbox 1510 1729 1569 1797; x_wconf 84' lang='lat' dir='ltr'>lucc</span> 
     </span>
     <span class='ocr_line' id='line_1_11' title="bbox 620 1844 1570 1938; baseline -0.009 -22"><span class='ocrx_word' id='word_1_60' title='bbox 620 1845 886 1937; x_wconf 87' lang='lat' dir='ltr'>sequentianno</span> <span class='ocrx_word' id='word_1_61' title='bbox 899 1844 986 1915; x_wconf 73' lang='lat'><strong>1626</strong></span> <span class='ocrx_word' id='word_1_62' title='bbox 997 1844 1209 1938; x_wconf 82' lang='lat' dir='ltr'>septembris</span> <span class='ocrx_word' id='word_1_63' title='bbox 1222 1844 1277 1925; x_wconf 87' lang='grc'>18,</span> <span class='ocrx_word' id='word_1_64' title='bbox 1293 1846 1430 1937; x_wconf 91' lang='lat' dir='ltr'>integro</span> <span class='ocrx_word' id='word_1_65' title='bbox 1445 1845 1570 1912; x_wconf 91' lang='lat' dir='ltr'>donatus</span> 
     </span>
     <span class='ocr_line' id='line_1_12' title="bbox 620 1956 1613 2059; baseline -0.007 -32"><span class='ocrx_word' id='word_1_66' title='bbox 620 1959 747 2029; x_wconf 77' lang='lat' dir='ltr'>robore</span> <span class='ocrx_word' id='word_1_67' title='bbox 762 1958 806 2027; x_wconf 90' lang='lat' dir='ltr'>ad</span> <span class='ocrx_word' id='word_1_68' title='bbox 828 1958 1030 2050; x_wconf 91' lang='lat' dir='ltr'>sepulcrum</span> <span class='ocrx_word' id='word_1_69' title='bbox 1046 1958 1252 2037; x_wconf 87' lang='lat' dir='ltr'>celebravit,</span> <span class='ocrx_word' id='word_1_70' title='bbox 1276 1979 1453 2048; x_wconf 89' lang='lat' dir='ltr'>sanusque</span> <span class='ocrx_word' id='word_1_71' title='bbox 1473 1956 1570 2047; x_wconf 85' lang='lat' dir='ltr'>plures</span> <span class='ocrx_word' id='word_1_72' title='bbox 1612 2014 1613 2059; x_wconf 29' lang='lat'>4</span> 
     </span>
     <span class='ocr_line' id='line_1_13' title="bbox 621 2070 1003 2161; baseline 0 -24"><span class='ocrx_word' id='word_1_73' title='bbox 621 2071 657 2138; x_wconf 93' lang='lat' dir='ltr'>in</span> <span class='ocrx_word' id='word_1_74' title='bbox 672 2092 783 2139; x_wconf 90' lang='lat' dir='ltr'>annos</span> <span class='ocrx_word' id='word_1_75' title='bbox 798 2070 1003 2161; x_wconf 87' lang='lat' dir='ltr'>permansit.</span> 
     </span>
    </p>

    <p class='ocr_par' dir='ltr' id='par_1_4' title="bbox 622 2179 1612 3055">
     <span class='ocr_line' id='line_1_14' title="bbox 666 2179 1570 2276; baseline -0.004 -27"><span class='ocrx_word' id='word_1_76' title='bbox 666 2182 721 2249; x_wconf 96' lang='grc'>11.</span> <span class='ocrx_word' id='word_1_77' title='bbox 747 2185 848 2252; x_wconf 74' lang='lat' dir='ltr'>Anno</span> <span class='ocrx_word' id='word_1_78' title='bbox 863 2182 960 2263; x_wconf 78' lang='grc'><strong>1616,</strong></span> <span class='ocrx_word' id='word_1_79' title='bbox 978 2183 1179 2253; x_wconf 82' lang='lat' dir='ltr'>novembris</span> <span class='ocrx_word' id='word_1_80' title='bbox 1193 2185 1246 2263; x_wconf 93' lang='grc'>11,</span> <span class='ocrx_word' id='word_1_81' title='bbox 1261 2183 1397 2276; x_wconf 89' lang='lat' dir='ltr'>collegii</span> <span class='ocrx_word' id='word_1_82' title='bbox 1413 2179 1570 2253; x_wconf 83' lang='lat' dir='ltr'>societatis</span> 
     </span>
     <span class='ocr_line' id='line_1_15' title="bbox 622 2291 1568 2386; baseline -0.005 -25"><span class='ocrx_word' id='word_1_83' title='bbox 622 2296 703 2361; x_wconf 83' lang='lat' dir='ltr'>lesu</span> <span class='ocrx_word' id='word_1_84' title='bbox 727 2292 928 2361; x_wconf 88' lang='lat' dir='ltr'>Polocensis</span> <span class='ocrx_word' id='word_1_85' title='bbox 949 2292 1053 2384; x_wconf 88' lang='lat' dir='ltr'>lignei</span> <span class='ocrx_word' id='word_1_86' title='bbox 1073 2294 1192 2386; x_wconf 87' lang='lat' dir='ltr'>aliqua</span> <span class='ocrx_word' id='word_1_87' title='bbox 1215 2316 1309 2386; x_wconf 92' lang='lat' dir='ltr'>pars,</span> <span class='ocrx_word' id='word_1_88' title='bbox 1337 2294 1447 2363; x_wconf 91' lang='lat' dir='ltr'>noctis</span> <span class='ocrx_word' id='word_1_89' title='bbox 1466 2291 1568 2367; x_wconf 89' lang='lat' dir='ltr'>medio,</span> 
     </span>
     <span class='ocr_line' id='line_1_16' title="bbox 623 2399 1570 2497; baseline -0.005 -26"><span class='ocrx_word' id='word_1_90' title='bbox 623 2402 742 2471; x_wconf 91' lang='lat' dir='ltr'>subito</span> <span class='ocrx_word' id='word_1_91' title='bbox 757 2402 890 2472; x_wconf 86' lang='lat' dir='ltr'>exarsit</span> <span class='ocrx_word' id='word_1_92' title='bbox 906 2402 1006 2495; x_wconf 92' lang='lat' dir='ltr'>igne;</span> <span class='ocrx_word' id='word_1_93' title='bbox 1021 2425 1126 2496; x_wconf 90' lang='lat' dir='ltr'>aquo</span> <span class='ocrx_word' id='word_1_94' title='bbox 1147 2426 1216 2473; x_wconf 90' lang='lat' dir='ltr'>non</span> <span class='ocrx_word' id='word_1_95' title='bbox 1230 2406 1377 2497; x_wconf 92' lang='lat' dir='ltr'>collegio</span> <span class='ocrx_word' id='word_1_96' title='bbox 1391 2406 1509 2483; x_wconf 87' lang='lat' dir='ltr'>solum,</span> <span class='ocrx_word' id='word_1_97' title='bbox 1527 2399 1570 2469; x_wconf 86' lang='lat' dir='ltr'>sed</span> 
     </span>
     <span class='ocr_line' id='line_1_17' title="bbox 625 2512 1571 2608; baseline -0.006 -27"><span class='ocrx_word' id='word_1_98' title='bbox 625 2512 704 2581; x_wconf 92' lang='lat' dir='ltr'>urbi</span> <span class='ocrx_word' id='word_1_99' title='bbox 732 2512 797 2581; x_wconf 91' lang='lat' dir='ltr'>toti</span> <span class='ocrx_word' id='word_1_100' title='bbox 831 2512 1059 2603; x_wconf 85' lang='lat' dir='ltr'>impendebat</span> <span class='ocrx_word' id='word_1_101' title='bbox 1082 2514 1229 2584; x_wconf 90' lang='lat' dir='ltr'>exitium</span> <span class='ocrx_word' id='word_1_102' title='bbox 1258 2540 1266 2584; x_wconf 95' lang='lat'><strong>:</strong></span> <span class='ocrx_word' id='word_1_103' title='bbox 1290 2516 1372 2608; x_wconf 86' lang='lat' dir='ltr'>quia</span> <span class='ocrx_word' id='word_1_104' title='bbox 1395 2516 1455 2585; x_wconf 89' lang='lat' dir='ltr'>vix</span> <span class='ocrx_word' id='word_1_105' title='bbox 1476 2516 1571 2584; x_wconf 90' lang='lat' dir='ltr'>decen</span> 
     </span>
     <span class='ocr_line' id='line_1_18' title="bbox 626 2623 1572 2719; baseline -0.006 -25"><span class='ocrx_word' id='word_1_106' title='bbox 626 2625 789 2719; x_wconf 90' lang='lat' dir='ltr'>passibus</span> <span class='ocrx_word' id='word_1_107' title='bbox 801 2624 847 2693; x_wconf 92' lang='lat' dir='ltr'>ab</span> <span class='ocrx_word' id='word_1_108' title='bbox 862 2625 942 2716; x_wconf 83' lang='lat' dir='ltr'>igne</span> <span class='ocrx_word' id='word_1_109' title='bbox 955 2626 1092 2718; x_wconf 91' lang='lat' dir='ltr'>reliqua</span> <span class='ocrx_word' id='word_1_110' title='bbox 1105 2633 1197 2697; x_wconf 89' lang='lat' dir='ltr'>tecta</span> <span class='ocrx_word' id='word_1_111' title='bbox 1212 2627 1478 2697; x_wconf 85' lang='lat' dir='ltr'>dirimebantur.</span> <span class='ocrx_word' id='word_1_112' title='bbox 1488 2623 1572 2694; x_wconf 87' lang='lat' dir='ltr'>Incla-</span> 
     </span>
     <span class='ocr_line' id='line_1_19' title="bbox 626 2734 1572 2832; baseline -0.006 -25"><span class='ocrx_word' id='word_1_113' title='bbox 626 2746 745 2809; x_wconf 90' lang='lat' dir='ltr'>manta</span> <span class='ocrx_word' id='word_1_114' title='bbox 754 2740 984 2830; x_wconf 79' lang='lat' dir='ltr'>Iosophatum</span> <span class='ocrx_word' id='word_1_115' title='bbox 997 2740 1139 2832; x_wconf 86' lang='lat' dir='ltr'>populo,</span> <span class='ocrx_word' id='word_1_116' title='bbox 1154 2747 1289 2811; x_wconf 90' lang='lat' dir='ltr'>rectore</span> <span class='ocrx_word' id='word_1_117' title='bbox 1300 2734 1572 2809; x_wconf 77' lang='lat' dir='ltr'>Stanislaoltosin·</span> 
     </span>
     <span class='ocr_line' id='line_1_20' title="bbox 627 2851 1612 2947; baseline -0.01 -26"><span class='ocrx_word' id='word_1_118' title='bbox 627 2852 700 2921; x_wconf 86' lang='lat' dir='ltr'>scio</span> <span class='ocrx_word' id='word_1_119' title='bbox 727 2851 894 2920; x_wconf 90' lang='lat' dir='ltr'>tabellam</span> <span class='ocrx_word' id='word_1_120' title='bbox 926 2860 1074 2921; x_wconf 84' lang='lat' dir='ltr'>vovente</span> <span class='ocrx_word' id='word_1_121' title='bbox 1102 2860 1325 2944; x_wconf 84' lang='lat' dir='ltr'>argenteam,</span> <span class='ocrx_word' id='word_1_122' title='bbox 1359 2851 1461 2945; x_wconf 89' lang='lat' dir='ltr'>quasi</span> <span class='ocrx_word' id='word_1_123' title='bbox 1490 2866 1571 2917; x_wconf 89' lang='lat' dir='ltr'>manu</span> <span class='ocrx_word' id='word_1_124' title='bbox 1611 2904 1612 2947; x_wconf 32' lang='lat' dir='ltr'>p</span> 
     </span>
     <span class='ocr_line' id='line_1_21' title="bbox 628 2963 1378 3055; baseline 0 -24"><span class='ocrx_word' id='word_1_125' title='bbox 628 2964 747 3055; x_wconf 90' lang='lat' dir='ltr'>aliqua</span> <span class='ocrx_word' id='word_1_126' title='bbox 768 2963 975 3032; x_wconf 87' lang='lat' dir='ltr'>suffocatum</span> <span class='ocrx_word' id='word_1_127' title='bbox 992 2963 1193 3033; x_wconf 90' lang='lat' dir='ltr'>incendium</span> <span class='ocrx_word' id='word_1_128' title='bbox 1207 2964 1378 3034; x_wconf 89' lang='lat' dir='ltr'>subsedit.</span> 
     </span>
    </p>

    <p class='ocr_par' dir='ltr' id='par_1_5' title="bbox 508 3074 1573 3379">
     <span class='ocr_line' id='line_1_22' title="bbox 508 3074 1571 3168; baseline -0.01 -24"><span class='ocrx_word' id='word_1_129' title='bbox 508 3099 513 3108; x_wconf 95' lang='lat'>·</span> <span class='ocrx_word' id='word_1_130' title='bbox 555 3130 563 3151; x_wconf 82' lang='lat'><strong>.</strong></span> <span class='ocrx_word' id='word_1_131' title='bbox 674 3075 729 3143; x_wconf 74' lang='grc'>11.</span> <span class='ocrx_word' id='word_1_132' title='bbox 755 3075 850 3145; x_wconf 88' lang='lat' dir='ltr'>idem</span> <span class='ocrx_word' id='word_1_133' title='bbox 870 3075 1074 3145; x_wconf 86' lang='lat' dir='ltr'>Kosinscius</span> <span class='ocrx_word' id='word_1_134' title='bbox 1090 3076 1127 3144; x_wconf 91' lang='lat' dir='ltr'>in</span> <span class='ocrx_word' id='word_1_135' title='bbox 1149 3077 1251 3168; x_wconf 90' lang='lat' dir='ltr'>aquis</span> <span class='ocrx_word' id='word_1_136' title='bbox 1270 3080 1378 3144; x_wconf 83' lang='lat' dir='ltr'>Dunae</span> <span class='ocrx_word' id='word_1_137' title='bbox 1397 3074 1499 3151; x_wconf 88' lang='lat' dir='ltr'>fluvii,</span> <span class='ocrx_word' id='word_1_138' title='bbox 1514 3087 1571 3139; x_wconf 91' lang='lat' dir='ltr'>cun</span> 
     </span>
     <span class='ocr_line' id='line_1_23' title="bbox 631 3188 1573 3280; baseline -0.011 -23"><span class='ocrx_word' id='word_1_139' title='bbox 631 3210 737 3257; x_wconf 94' lang='lat' dir='ltr'>curru</span> <span class='ocrx_word' id='word_1_140' title='bbox 764 3195 801 3255; x_wconf 91' lang='lat' dir='ltr'>et</span> <span class='ocrx_word' id='word_1_141' title='bbox 825 3188 927 3279; x_wconf 90' lang='lat' dir='ltr'>equis</span> <span class='ocrx_word' id='word_1_142' title='bbox 944 3188 1017 3280; x_wconf 89' lang='lat' dir='ltr'>jam</span> <span class='ocrx_word' id='word_1_143' title='bbox 1039 3190 1271 3279; x_wconf 80' lang='lat' dir='ltr'>mergendus,</span> <span class='ocrx_word' id='word_1_144' title='bbox 1297 3188 1455 3279; x_wconf 86' lang='lat' dir='ltr'>ejusdem</span> <span class='ocrx_word' id='word_1_145' title='bbox 1479 3192 1573 3277; x_wconf 90' lang='lat' dir='ltr'>patro-</span> 
     </span>
     <span class='ocr_line' id='line_1_24' title="bbox 632 3290 1570 3379; baseline -0.015 -12"><span class='ocrx_word' id='word_1_146' title='bbox 632 3297 764 3367; x_wconf 91' lang='lat' dir='ltr'>cinium</span> <span class='ocrx_word' id='word_1_147' title='bbox 782 3297 968 3379; x_wconf 89' lang='lat' dir='ltr'>invocavit,</span> <span class='ocrx_word' id='word_1_148' title='bbox 989 3305 1025 3369; x_wconf 91' lang='lat' dir='ltr'>et</span> <span class='ocrx_word' id='word_1_149' title='bbox 1044 3299 1253 3369; x_wconf 84' lang='lat' dir='ltr'>miraculose</span> <span class='ocrx_word' id='word_1_150' title='bbox 1272 3298 1460 3367; x_wconf 85' lang='lat' dir='ltr'>discrimen</span> <span class='ocrx_word' id='word_1_151' title='bbox 1478 3290 1570 3365; x_wconf 86' lang='lat' dir='ltr'>evasit.</span> 
     </span>
    </p>

    <p class='ocr_par' dir='ltr' id='par_1_6' title="bbox 634 3400 1573 3613">
     <span class='ocr_line' id='line_1_25' title="bbox 677 3400 1573 3503; baseline -0.007 -26"><span class='ocrx_word' id='word_1_152' title='bbox 677 3408 731 3478; x_wconf 89' lang='grc'>13.</span> <span class='ocrx_word' id='word_1_153' title='bbox 758 3411 853 3479; x_wconf 87' lang='lat' dir='ltr'>Idem</span> <span class='ocrx_word' id='word_1_154' title='bbox 875 3410 961 3479; x_wconf 85' lang='lat' dir='ltr'>alias</span> <span class='ocrx_word' id='word_1_155' title='bbox 983 3411 1119 3480; x_wconf 91' lang='lat' dir='ltr'>hectica</span> <span class='ocrx_word' id='word_1_156' title='bbox 1143 3410 1349 3503; x_wconf 87' lang='lat' dir='ltr'>gravissima</span> <span class='ocrx_word' id='word_1_157' title='bbox 1378 3409 1459 3478; x_wconf 89' lang='lat' dir='ltr'>anni</span> <span class='ocrx_word' id='word_1_158' title='bbox 1487 3400 1573 3474; x_wconf 84' lang='lat' dir='ltr'>medio</span> 
     </span>
     <span class='ocr_line' id='line_1_26' title="bbox 634 3521 1363 3613; baseline 0 -24"><span class='ocrx_word' id='word_1_159' title='bbox 634 3543 789 3613; x_wconf 71' lang='lat' dir='ltr'>pressus</span> <span class='ocrx_word' id='word_1_160' title='bbox 807 3522 931 3590; x_wconf 91' lang='lat' dir='ltr'>eodem</span> <span class='ocrx_word' id='word_1_161' title='bbox 947 3527 1095 3613; x_wconf 90' lang='lat' dir='ltr'>patrono</span> <span class='ocrx_word' id='word_1_162' title='bbox 1111 3521 1282 3591; x_wconf 87' lang='lat' dir='ltr'>liberatus</span> <span class='ocrx_word' id='word_1_163' title='bbox 1297 3528 1363 3591; x_wconf 91' lang='lat' dir='ltr'>est.</span> 
     </span>
    </p>

    <p class='ocr_par' dir='ltr' id='par_1_7' title="bbox 634 3633 1611 4059">
     <span class='ocr_line' id='line_1_27' title="bbox 678 3633 1611 3725; baseline -0.006 -25"><span class='ocrx_word' id='word_1_164' title='bbox 678 3633 732 3702; x_wconf 84' lang='grc'>11.</span> <span class='ocrx_word' id='word_1_165' title='bbox 758 3637 1011 3724; x_wconf 86' lang='lat' dir='ltr'>Derpatensem</span> <span class='ocrx_word' id='word_1_166' title='bbox 1024 3656 1131 3725; x_wconf 87' lang='lat' dir='ltr'>agens</span> <span class='ocrx_word' id='word_1_167' title='bbox 1146 3640 1340 3713; x_wconf 88' lang='lat' dir='ltr'>rectorem,</span> <span class='ocrx_word' id='word_1_168' title='bbox 1357 3639 1574 3703; x_wconf 84' lang='lat' dir='ltr'>extremoocu·</span> <span class='ocrx_word' id='word_1_169' title='bbox 1610 3648 1611 3651; x_wconf 45' lang='lat'>¹</span> 
     </span>
     <span class='ocr_line' id='line_1_28' title="bbox 634 3742 1611 3834; baseline -0.013 -21"><span class='ocrx_word' id='word_1_170' title='bbox 634 3745 749 3813; x_wconf 91' lang='lat' dir='ltr'>lorum</span> <span class='ocrx_word' id='word_1_171' title='bbox 776 3744 925 3813; x_wconf 91' lang='lat' dir='ltr'>obrutus</span> <span class='ocrx_word' id='word_1_172' title='bbox 949 3744 1080 3825; x_wconf 90' lang='lat' dir='ltr'>dolore,</span> <span class='ocrx_word' id='word_1_173' title='bbox 1108 3751 1298 3824; x_wconf 89' lang='lat' dir='ltr'>momento,</span> <span class='ocrx_word' id='word_1_174' title='bbox 1325 3766 1396 3834; x_wconf 91' lang='lat' dir='ltr'>quo</span> <span class='ocrx_word' id='word_1_175' title='bbox 1419 3745 1573 3828; x_wconf 71' lang='lat' dir='ltr'>martyreo</span> <span class='ocrx_word' id='word_1_176' title='bbox 1610 3742 1611 3753; x_wconf 59' lang='lat'>¹</span> 
     </span>
     <span class='ocr_line' id='line_1_29' title="bbox 634 3839 1575 3944; baseline -0.007 -26"><span class='ocrx_word' id='word_1_177' title='bbox 634 3850 876 3932; x_wconf 90' lang='lat' dir='ltr'>invocaverat,</span> <span class='ocrx_word' id='word_1_178' title='bbox 910 3859 946 3921; x_wconf 92' lang='lat' dir='ltr'>et</span> <span class='ocrx_word' id='word_1_179' title='bbox 971 3851 1074 3921; x_wconf 89' lang='lat' dir='ltr'>cilicii</span> <span class='ocrx_word' id='word_1_180' title='bbox 1103 3851 1180 3942; x_wconf 91' lang='lat' dir='ltr'>ejus</span> <span class='ocrx_word' id='word_1_181' title='bbox 1211 3851 1470 3944; x_wconf 86' lang='lat' dir='ltr'>portiunculam</span> <span class='ocrx_word' id='word_1_182' title='bbox 1493 3839 1575 3915; x_wconf 75' lang='lat' dir='ltr'>oculis</span> 
     </span>
     <span class='ocr_line' id='line_1_30' title="bbox 636 3973 1133 4059; baseline -0.004 -23"><span class='ocrx_word' id='word_1_183' title='bbox 636 3973 818 4059; x_wconf 91' lang='lat' dir='ltr'>posuerat,</span> <span class='ocrx_word' id='word_1_184' title='bbox 837 3976 959 4037; x_wconf 89' lang='lat' dir='ltr'>exacte</span> <span class='ocrx_word' id='word_1_185' title='bbox 977 3974 1133 4035; x_wconf 86' lang='lat' dir='ltr'>sanatus.</span> 
     </span>
    </p>
   </div>
   <div class='ocr_carea' id='block_1_3' title="bbox 391 4068 1574 4176">
    <p class='ocr_par' dir='ltr' id='par_1_8' title="bbox 391 4068 1574 4176">
     <span class='ocr_line' id='line_1_31' title="bbox 391 4068 1574 4176; baseline -0.025 -15"><span class='ocrx_word' id='word_1_186' title='bbox 391 4122 413 4162; x_wconf 74' lang='lat' dir='ltr'>a</span> <span class='ocrx_word' id='word_1_187' title='bbox 423 4117 485 4161; x_wconf 74' lang='lat' dir='ltr'>maa</span> <span class='ocrx_word' id='word_1_188' title='bbox 495 4115 582 4169; x_wconf 65' lang='lat' dir='ltr'>nova,</span> <span class='ocrx_word' id='word_1_189' title='bbox 681 4084 736 4153; x_wconf 82' lang='lat'>15.</span> <span class='ocrx_word' id='word_1_190' title='bbox 764 4086 860 4155; x_wconf 86' lang='lat' dir='ltr'>Idem</span> <span class='ocrx_word' id='word_1_191' title='bbox 871 4085 1012 4175; x_wconf 87' lang='lat' dir='ltr'>juratus</span> <span class='ocrx_word' id='word_1_192' title='bbox 1027 4084 1063 4152; x_wconf 92' lang='lat' dir='ltr'>in</span> <span class='ocrx_word' id='word_1_193' title='bbox 1079 4104 1246 4176; x_wconf 87' lang='lat' dir='ltr'>processu</span> <span class='ocrx_word' id='word_1_194' title='bbox 1261 4080 1364 4151; x_wconf 89' lang='lat' dir='ltr'>testis</span> <span class='ocrx_word' id='word_1_195' title='bbox 1386 4079 1498 4155; x_wconf 79' lang='lat' dir='ltr'>refert,</span> <span class='ocrx_word' id='word_1_196' title='bbox 1514 4068 1574 4140; x_wconf 82' lang='lat' dir='ltr'>alios</span> 
     </span>
    </p>
   </div>
   <div class='ocr_carea' id='block_1_4' title="bbox 0 0 1661 5484">
    <p class='ocr_par' dir='ltr' id='par_1_9' title="bbox 0 0 1661 5484">
     <span class='ocr_line' id='line_1_32' title="bbox 0 0 1661 5484; baseline 0 0"><span class='ocrx_word' id='word_1_197' title='bbox 0 0 1661 5484; x_wconf 95' lang='lat' dir='ltr'> </span> 
     </span>
    </p>
   </div>
  </div>
 </body>
</html>
