<?xml version="1.0" encoding="UTF-8"?>
<!DOCTYPE html PUBLIC "-//W3C//DTD XHTML 1.0 Transitional//EN"
    "http://www.w3.org/TR/xhtml1/DTD/xhtml1-transitional.dtd">
<html xmlns="http://www.w3.org/1999/xhtml" xml:lang="en" lang="en">
 <head>
  <title>
</title>
<meta http-equiv="Content-Type" content="text/html;charset=utf-8" />
  <meta name='ocr-system' content='tesseract 3.04.00' />
  <meta name='ocr-capabilities' content='ocr_page ocr_carea ocr_par ocr_line ocrx_word'/>
</head>
<body>
  <div class='ocr_page' id='page_1' title='image "./cursusvitetcert00martgoog_0170.png"; bbox 0 0 3259 5484; ppageno 0'>
   <div class='ocr_carea' id='block_1_1' title="bbox 948 690 1151 759">
    <p class='ocr_par' dir='ltr' id='par_1_1' title="bbox 948 690 1151 759">
     <span class='ocr_line' id='line_1_1' title="bbox 948 690 1151 759; baseline 0.01 -18"><span class='ocrx_word' id='word_1_1' title='bbox 948 690 1151 759; x_wconf 68' lang='lat'>-146-</span> 
     </span>
    </p>
   </div>
   <div class='ocr_carea' id='block_1_2' title="bbox 560 843 1624 2048">
    <p class='ocr_par' dir='ltr' id='par_1_2' title="bbox 560 843 1624 2048">
     <span class='ocr_line' id='line_1_2' title="bbox 562 843 1624 929; baseline 0.005 -24"><span class='ocrx_word' id='word_1_2' title='bbox 562 843 615 925; x_wconf 91' lang='lat' dir='ltr'>pia</span> <span class='ocrx_word' id='word_1_3' title='bbox 643 843 896 907; x_wconf 84' lang='lat' dir='ltr'>eluistilidelium</span> <span class='ocrx_word' id='word_1_4' title='bbox 925 854 956 907; x_wconf 88' lang='lat' dir='ltr'>et</span> <span class='ocrx_word' id='word_1_5' title='bbox 977 846 1149 927; x_wconf 88' lang='lat' dir='ltr'>praesertim</span> <span class='ocrx_word' id='word_1_6' title='bbox 1172 847 1401 909; x_wconf 89' lang='lat' dir='ltr'>catholicorum</span> <span class='ocrx_word' id='word_1_7' title='bbox 1430 867 1542 929; x_wconf 85' lang='lat' dir='ltr'>regum</span> <span class='ocrx_word' id='word_1_8' title='bbox 1623 884 1624 917; x_wconf 65' lang='lat'><em>2</em></span> 
     </span>
     <span class='ocr_line' id='line_1_3' title="bbox 562 943 1624 1026; baseline 0.006 -24"><span class='ocrx_word' id='word_1_9' title='bbox 562 951 593 1003; x_wconf 91' lang='lat' dir='ltr'>et</span> <span class='ocrx_word' id='word_1_10' title='bbox 616 943 797 1025; x_wconf 82' lang='lat' dir='ltr'>principum</span> <span class='ocrx_word' id='word_1_11' title='bbox 820 952 891 1006; x_wconf 84' lang='lat' dir='ltr'>rota</span> <span class='ocrx_word' id='word_1_12' title='bbox 915 951 1100 1026; x_wconf 84' lang='lat' dir='ltr'>exposcunt,</span> <span class='ocrx_word' id='word_1_13' title='bbox 1124 944 1249 1025; x_wconf 81' lang='lat' dir='ltr'>Nosque</span> <span class='ocrx_word' id='word_1_14' title='bbox 1271 945 1484 1026; x_wconf 81' lang='lat' dir='ltr'>conspicimus</span> <span class='ocrx_word' id='word_1_15' title='bbox 1511 947 1544 1007; x_wconf 93' lang='lat' dir='ltr'>in</span> <span class='ocrx_word' id='word_1_16' title='bbox 1623 962 1624 967; x_wconf 51' lang='lat'>¹</span> 
     </span>
     <span class='ocr_line' id='line_1_4' title="bbox 561 1044 1624 1127; baseline -0.002 -22"><span class='ocrx_word' id='word_1_17' title='bbox 561 1044 696 1107; x_wconf 86' lang='lat' dir='ltr'>Domino</span> <span class='ocrx_word' id='word_1_18' title='bbox 715 1044 883 1107; x_wconf 83' lang='lat' dir='ltr'>salubriter</span> <span class='ocrx_word' id='word_1_19' title='bbox 905 1045 1063 1127; x_wconf 84' lang='lat' dir='ltr'>expedire.</span> <span class='ocrx_word' id='word_1_20' title='bbox 1091 1045 1172 1107; x_wconf 89' lang='lat' dir='ltr'>Sane</span> <span class='ocrx_word' id='word_1_21' title='bbox 1198 1047 1326 1107; x_wconf 90' lang='lat' dir='ltr'>nomine</span> <span class='ocrx_word' id='word_1_22' title='bbox 1351 1045 1542 1109; x_wconf 92' lang='lat' dir='ltr'>dilectorum</span> <span class='ocrx_word' id='word_1_23' title='bbox 1623 1098 1624 1103; x_wconf 73' lang='grc'>,</span> 
     </span>
     <span class='ocr_line' id='line_1_5' title="bbox 561 1148 1624 1231; baseline 0.002 -22"><span class='ocrx_word' id='word_1_24' title='bbox 561 1148 715 1222; x_wconf 87' lang='lat' dir='ltr'>tiliorum,</span> <span class='ocrx_word' id='word_1_25' title='bbox 732 1148 962 1210; x_wconf 87' lang='lat' dir='ltr'>monachorum</span> <span class='ocrx_word' id='word_1_26' title='bbox 979 1148 1100 1211; x_wconf 81' lang='lat' dir='ltr'>ordinis</span> <span class='ocrx_word' id='word_1_27' title='bbox 1114 1148 1146 1211; x_wconf 84' lang='lat' dir='ltr'>S.</span> <span class='ocrx_word' id='word_1_28' title='bbox 1170 1148 1292 1222; x_wconf 89' lang='lat' dir='ltr'>Basilii,</span> <span class='ocrx_word' id='word_1_29' title='bbox 1322 1148 1418 1211; x_wconf 92' lang='lat' dir='ltr'>Nobis</span> <span class='ocrx_word' id='word_1_30' title='bbox 1437 1168 1544 1231; x_wconf 83' lang='lat' dir='ltr'>nuper</span> <span class='ocrx_word' id='word_1_31' title='bbox 1623 1192 1624 1195; x_wconf 19' lang='grc' dir='ltr'><strong>κ</strong></span> 
     </span>
     <span class='ocr_line' id='line_1_6' title="bbox 561 1250 1542 1332; baseline -0.001 -19"><span class='ocrx_word' id='word_1_32' title='bbox 561 1251 740 1332; x_wconf 83' lang='lat' dir='ltr'>expositum</span> <span class='ocrx_word' id='word_1_33' title='bbox 755 1250 824 1323; x_wconf 85' lang='lat' dir='ltr'>suit,</span> <span class='ocrx_word' id='word_1_34' title='bbox 841 1250 926 1331; x_wconf 92' lang='lat' dir='ltr'>quod</span> <span class='ocrx_word' id='word_1_35' title='bbox 942 1250 1108 1313; x_wconf 88' lang='lat' dir='ltr'>commissa</span> <span class='ocrx_word' id='word_1_36' title='bbox 1125 1250 1245 1313; x_wconf 92' lang='lat' dir='ltr'>dudum</span> <span class='ocrx_word' id='word_1_37' title='bbox 1263 1250 1385 1313; x_wconf 90' lang='lat' dir='ltr'>aNobis</span> <span class='ocrx_word' id='word_1_38' title='bbox 1400 1251 1542 1331; x_wconf 81' lang='lat' dir='ltr'>Congre-</span> 
     </span>
     <span class='ocr_line' id='line_1_7' title="bbox 561 1351 1544 1431; baseline 0 -18"><span class='ocrx_word' id='word_1_39' title='bbox 561 1351 925 1431; x_wconf 89' lang='lat' dir='ltr'>gationillenerabilium</span> <span class='ocrx_word' id='word_1_40' title='bbox 935 1352 1079 1414; x_wconf 78' lang='lat' dir='ltr'>Fratrum</span> <span class='ocrx_word' id='word_1_41' title='bbox 1094 1360 1275 1414; x_wconf 88' lang='lat' dir='ltr'>nostrorum</span> <span class='ocrx_word' id='word_1_42' title='bbox 1290 1351 1321 1413; x_wconf 89' lang='lat' dir='ltr'>S.</span> <span class='ocrx_word' id='word_1_43' title='bbox 1339 1353 1373 1414; x_wconf 89' lang='lat' dir='ltr'>R.</span> <span class='ocrx_word' id='word_1_44' title='bbox 1384 1353 1417 1415; x_wconf 88' lang='lat' dir='ltr'>E.</span> <span class='ocrx_word' id='word_1_45' title='bbox 1435 1352 1544 1413; x_wconf 87' lang='lat' dir='ltr'>Cardi-</span> 
     </span>
     <span class='ocr_line' id='line_1_8' title="bbox 561 1452 1624 1535; baseline 0 -22"><span class='ocrx_word' id='word_1_46' title='bbox 561 1452 682 1514; x_wconf 93' lang='lat' dir='ltr'>nalium</span> <span class='ocrx_word' id='word_1_47' title='bbox 720 1452 817 1514; x_wconf 89' lang='lat' dir='ltr'>sacris</span> <span class='ocrx_word' id='word_1_48' title='bbox 844 1452 957 1515; x_wconf 91' lang='lat' dir='ltr'>ritibus</span> <span class='ocrx_word' id='word_1_49' title='bbox 988 1453 1254 1535; x_wconf 77' lang='lat' dir='ltr'>praepositorum,</span> <span class='ocrx_word' id='word_1_50' title='bbox 1288 1452 1327 1514; x_wconf 90' lang='lat' dir='ltr'>ad</span> <span class='ocrx_word' id='word_1_51' title='bbox 1358 1454 1542 1515; x_wconf 76' lang='lat' dir='ltr'><strong>instantiam</strong></span> <span class='ocrx_word' id='word_1_52' title='bbox 1623 1470 1624 1523; x_wconf 60' lang='lat' dir='ltr'>l</span> 
     </span>
     <span class='ocr_line' id='line_1_9' title="bbox 560 1552 1624 1633; baseline 0.003 -19"><span class='ocrx_word' id='word_1_53' title='bbox 560 1553 652 1614; x_wconf 82' lang='lat' dir='ltr'>elarae</span> <span class='ocrx_word' id='word_1_54' title='bbox 685 1554 844 1616; x_wconf 83' lang='lat' dir='ltr'>memoriae</span> <span class='ocrx_word' id='word_1_55' title='bbox 861 1552 1066 1633; x_wconf 90' lang='lat' dir='ltr'>Sigismundi,</span> <span class='ocrx_word' id='word_1_56' title='bbox 1093 1554 1171 1616; x_wconf 91' lang='lat' dir='ltr'>dum</span> <span class='ocrx_word' id='word_1_57' title='bbox 1196 1554 1328 1628; x_wconf 72' lang='lat' dir='ltr'>vireret,</span> <span class='ocrx_word' id='word_1_58' title='bbox 1346 1556 1484 1619; x_wconf 84' lang='lat' dir='ltr'>Poloniae</span> <span class='ocrx_word' id='word_1_59' title='bbox 1513 1565 1543 1617; x_wconf 90' lang='lat' dir='ltr'>ct</span> <span class='ocrx_word' id='word_1_60' title='bbox 1623 1552 1624 1607; x_wconf 72' lang='grc' dir='ltr'>ἶ</span> 
     </span>
     <span class='ocr_line' id='line_1_10' title="bbox 562 1652 1624 1737; baseline 0.001 -19"><span class='ocrx_word' id='word_1_61' title='bbox 562 1656 680 1718; x_wconf 85' lang='lat' dir='ltr'>Sueciae</span> <span class='ocrx_word' id='word_1_62' title='bbox 714 1657 795 1737; x_wconf 83' lang='lat' dir='ltr'>regis</span> <span class='ocrx_word' id='word_1_63' title='bbox 821 1658 973 1731; x_wconf 87' lang='lat' dir='ltr'>illustris,</span> <span class='ocrx_word' id='word_1_64' title='bbox 1002 1667 1032 1719; x_wconf 91' lang='lat' dir='ltr'>et</span> <span class='ocrx_word' id='word_1_65' title='bbox 1068 1657 1221 1720; x_wconf 84' lang='lat' dir='ltr'>carissimi</span> <span class='ocrx_word' id='word_1_66' title='bbox 1260 1659 1291 1719; x_wconf 94' lang='lat' dir='ltr'>in</span> <span class='ocrx_word' id='word_1_67' title='bbox 1329 1660 1454 1722; x_wconf 75' lang='lat' dir='ltr'>Christo</span> <span class='ocrx_word' id='word_1_68' title='bbox 1484 1660 1543 1721; x_wconf 87' lang='lat' dir='ltr'>filii</span> <span class='ocrx_word' id='word_1_69' title='bbox 1623 1652 1624 1673; x_wconf 32' lang='lat' dir='ltr'>l</span> 
     </span>
     <span class='ocr_line' id='line_1_11' title="bbox 562 1760 1624 1841; baseline 0.004 -20"><span class='ocrx_word' id='word_1_70' title='bbox 562 1760 660 1822; x_wconf 86' lang='lat' dir='ltr'>nostri</span> <span class='ocrx_word' id='word_1_71' title='bbox 672 1760 833 1833; x_wconf 90' lang='lat' dir='ltr'>Vladislai‚</span> <span class='ocrx_word' id='word_1_72' title='bbox 850 1762 945 1823; x_wconf 94' lang='lat' dir='ltr'>etiam</span> <span class='ocrx_word' id='word_1_73' title='bbox 958 1762 1095 1824; x_wconf 83' lang='lat' dir='ltr'>Poloniae</span> <span class='ocrx_word' id='word_1_74' title='bbox 1109 1770 1140 1823; x_wconf 89' lang='lat' dir='ltr'>et</span> <span class='ocrx_word' id='word_1_75' title='bbox 1154 1761 1271 1824; x_wconf 83' lang='lat' dir='ltr'>Sueciae</span> <span class='ocrx_word' id='word_1_76' title='bbox 1288 1763 1378 1841; x_wconf 85' lang='lat' dir='ltr'>Regis</span> <span class='ocrx_word' id='word_1_77' title='bbox 1394 1763 1539 1836; x_wconf 73' lang='lat' dir='ltr'>illustria,</span> <span class='ocrx_word' id='word_1_78' title='bbox 1623 1780 1624 1841; x_wconf 56' lang='lat' dir='ltr'>l</span> 
     </span>
     <span class='ocr_line' id='line_1_12' title="bbox 562 1860 1542 1944; baseline 0.003 -22"><span class='ocrx_word' id='word_1_79' title='bbox 562 1878 685 1923; x_wconf 92' lang='lat' dir='ltr'>necnon</span> <span class='ocrx_word' id='word_1_80' title='bbox 730 1860 769 1923; x_wconf 88' lang='lat' dir='ltr'>ad</span> <span class='ocrx_word' id='word_1_81' title='bbox 815 1863 1077 1944; x_wconf 81' lang='lat' dir='ltr'>supplicationem</span> <span class='ocrx_word' id='word_1_82' title='bbox 1107 1862 1342 1925; x_wconf 88' lang='lat' dir='ltr'>Venerabilium</span> <span class='ocrx_word' id='word_1_83' title='bbox 1393 1865 1542 1927; x_wconf 88' lang='lat' dir='ltr'>Fratrum</span> 
     </span>
     <span class='ocr_line' id='line_1_13' title="bbox 563 1952 1624 2048; baseline 0.002 -23"><span class='ocrx_word' id='word_1_84' title='bbox 563 1964 896 2045; x_wconf 87' lang='lat' dir='ltr'>metropolitanorum,</span> <span class='ocrx_word' id='word_1_85' title='bbox 918 1964 1244 2046; x_wconf 90' lang='lat' dir='ltr'>archiepiscoporum,</span> <span class='ocrx_word' id='word_1_86' title='bbox 1268 1974 1299 2025; x_wconf 91' lang='lat' dir='ltr'>et</span> <span class='ocrx_word' id='word_1_87' title='bbox 1318 1966 1542 2048; x_wconf 88' lang='lat' dir='ltr'>episcoporum</span> <span class='ocrx_word' id='word_1_88' title='bbox 1623 1952 1624 1977; x_wconf 59' lang='lat'>¹</span> 
     </span>
    </p>
   </div>
   <div class='ocr_carea' id='block_1_3' title="bbox 562 2073 1624 2770">
    <p class='ocr_par' dir='ltr' id='par_1_3' title="bbox 562 2066 1624 2770">
     <span class='ocr_line' id='line_1_14' title="bbox 563 2073 1540 2156; baseline -0.001 -21"><span class='ocrx_word' id='word_1_89' title='bbox 563 2091 599 2135; x_wconf 90' lang='lat' dir='ltr'>ac</span> <span class='ocrx_word' id='word_1_90' title='bbox 612 2073 798 2137; x_wconf 89' lang='lat' dir='ltr'>dilectorum</span> <span class='ocrx_word' id='word_1_91' title='bbox 811 2075 950 2137; x_wconf 86' lang='lat' dir='ltr'>filiorum</span> <span class='ocrx_word' id='word_1_92' title='bbox 966 2074 1122 2137; x_wconf 90' lang='lat' dir='ltr'>nobilium</span> <span class='ocrx_word' id='word_1_93' title='bbox 1141 2074 1296 2147; x_wconf 75' lang='lat' dir='ltr'>virorum,</span> <span class='ocrx_word' id='word_1_94' title='bbox 1314 2073 1540 2156; x_wconf 90' lang='lat' dir='ltr'>palatinorum,</span> 
     </span>
     <span class='ocr_line' id='line_1_15' title="bbox 562 2174 1542 2258; baseline -0.004 -22"><span class='ocrx_word' id='word_1_95' title='bbox 562 2175 754 2258; x_wconf 91' lang='lat' dir='ltr'>principum,</span> <span class='ocrx_word' id='word_1_96' title='bbox 780 2195 817 2238; x_wconf 91' lang='lat' dir='ltr'>ac</span> <span class='ocrx_word' id='word_1_97' title='bbox 842 2177 978 2238; x_wconf 82' lang='lat' dir='ltr'>universi</span> <span class='ocrx_word' id='word_1_98' title='bbox 997 2176 1072 2237; x_wconf 90' lang='lat' dir='ltr'>cleri</span> <span class='ocrx_word' id='word_1_99' title='bbox 1090 2186 1122 2237; x_wconf 89' lang='lat' dir='ltr'>et</span> <span class='ocrx_word' id='word_1_100' title='bbox 1141 2175 1251 2258; x_wconf 93' lang='lat' dir='ltr'>populi</span> <span class='ocrx_word' id='word_1_101' title='bbox 1277 2175 1424 2237; x_wconf 85' lang='lat' dir='ltr'>catholici</span> <span class='ocrx_word' id='word_1_102' title='bbox 1453 2174 1542 2253; x_wconf 89' lang='lat' dir='ltr'>regni</span> 
     </span>
     <span class='ocr_line' id='line_1_16' title="bbox 563 2276 1541 2359; baseline -0.002 -22"><span class='ocrx_word' id='word_1_103' title='bbox 563 2276 709 2359; x_wconf 78' lang='lat' dir='ltr'>Poloniae,</span> <span class='ocrx_word' id='word_1_104' title='bbox 722 2278 889 2359; x_wconf 83' lang='lat' dir='ltr'>Magnique</span> <span class='ocrx_word' id='word_1_105' title='bbox 901 2278 1039 2339; x_wconf 87' lang='lat' dir='ltr'>Ducatus</span> <span class='ocrx_word' id='word_1_106' title='bbox 1050 2276 1237 2349; x_wconf 83' lang='lat' dir='ltr'>Lithuaniae,</span> <span class='ocrx_word' id='word_1_107' title='bbox 1252 2294 1288 2337; x_wconf 89' lang='lat' dir='ltr'>ao</span> <span class='ocrx_word' id='word_1_108' title='bbox 1298 2276 1353 2339; x_wconf 93' lang='lat' dir='ltr'>toti</span> <span class='ocrx_word' id='word_1_109' title='bbox 1359 2295 1395 2337; x_wconf 88' lang='lat' dir='ltr'>us</span> <span class='ocrx_word' id='word_1_110' title='bbox 1405 2276 1541 2347; x_wconf 88' lang='lat' dir='ltr'>Russiae,</span> 
     </span>
     <span class='ocr_line' id='line_1_17' title="bbox 563 2366 1541 2461; baseline -0.002 -22"><span class='ocrx_word' id='word_1_111' title='bbox 563 2396 686 2441; x_wconf 87' lang='lat' dir='ltr'>necnon</span> <span class='ocrx_word' id='word_1_112' title='bbox 723 2379 844 2441; x_wconf 91' lang='lat' dir='ltr'>ordinis</span> <span class='ocrx_word' id='word_1_113' title='bbox 869 2366 1033 2461; x_wconf 81' lang='lat' dir='ltr'>praedicti,</span> <span class='ocrx_word' id='word_1_114' title='bbox 1063 2397 1157 2440; x_wconf 91' lang='lat' dir='ltr'>causa</span> <span class='ocrx_word' id='word_1_115' title='bbox 1183 2377 1263 2440; x_wconf 85' lang='lat' dir='ltr'>servi</span> <span class='ocrx_word' id='word_1_116' title='bbox 1285 2378 1339 2439; x_wconf 89' lang='lat' dir='ltr'>Dei</span> <span class='ocrx_word' id='word_1_117' title='bbox 1356 2377 1541 2457; x_wconf 89' lang='lat' dir='ltr'>Josaphati,</span> 
     </span>
     <span class='ocr_line' id='line_1_18' title="bbox 563 2480 1624 2563; baseline -0.003 -21"><span class='ocrx_word' id='word_1_118' title='bbox 563 2482 791 2563; x_wconf 89' lang='lat' dir='ltr'>archiepiscopi</span> <span class='ocrx_word' id='word_1_119' title='bbox 807 2483 994 2557; x_wconf 82' lang='lat' dir='ltr'>Poloccnsis,</span> <span class='ocrx_word' id='word_1_120' title='bbox 1011 2481 1150 2563; x_wconf 88' lang='lat' dir='ltr'>ejusdem</span> <span class='ocrx_word' id='word_1_121' title='bbox 1167 2481 1288 2544; x_wconf 90' lang='lat' dir='ltr'>ordinis</span> <span class='ocrx_word' id='word_1_122' title='bbox 1304 2480 1333 2542; x_wconf 89' lang='lat' dir='ltr'>S.</span> <span class='ocrx_word' id='word_1_123' title='bbox 1349 2480 1467 2553; x_wconf 91' lang='lat' dir='ltr'>Basilii,</span> <span class='ocrx_word' id='word_1_124' title='bbox 1485 2498 1543 2561; x_wconf 90' lang='lat' dir='ltr'>pro</span> <span class='ocrx_word' id='word_1_125' title='bbox 1623 2536 1624 2563; x_wconf 69' lang='lat'>,</span> 
     </span>
     <span class='ocr_line' id='line_1_19' title="bbox 563 2568 1624 2666; baseline -0.003 -20"><span class='ocrx_word' id='word_1_126' title='bbox 563 2584 675 2647; x_wconf 86' lang='lat' dir='ltr'>Christi</span> <span class='ocrx_word' id='word_1_127' title='bbox 692 2586 821 2647; x_wconf 94' lang='lat' dir='ltr'>nomine</span> <span class='ocrx_word' id='word_1_128' title='bbox 842 2596 873 2648; x_wconf 92' lang='lat' dir='ltr'>et</span> <span class='ocrx_word' id='word_1_129' title='bbox 893 2585 955 2647; x_wconf 90' lang='lat' dir='ltr'>fide</span> <span class='ocrx_word' id='word_1_130' title='bbox 974 2584 1129 2646; x_wconf 89' lang='lat' dir='ltr'>catholica</span> <span class='ocrx_word' id='word_1_131' title='bbox 1150 2594 1180 2646; x_wconf 90' lang='lat' dir='ltr'>et</span> <span class='ocrx_word' id='word_1_132' title='bbox 1201 2602 1259 2666; x_wconf 94' lang='lat' dir='ltr'>pro</span> <span class='ocrx_word' id='word_1_133' title='bbox 1282 2592 1389 2645; x_wconf 89' lang='lat' dir='ltr'>sancta</span> <span class='ocrx_word' id='word_1_134' title='bbox 1412 2583 1543 2664; x_wconf 89' lang='lat' dir='ltr'>potissi·</span> <span class='ocrx_word' id='word_1_135' title='bbox 1623 2568 1624 2659; x_wconf 76' lang='lat' dir='ltr'>l</span> 
     </span>
     <span class='ocr_line' id='line_1_20' title="bbox 564 2686 1624 2770; baseline -0.001 -23"><span class='ocrx_word' id='word_1_136' title='bbox 564 2704 652 2747; x_wconf 92' lang='lat' dir='ltr'>mum</span> <span class='ocrx_word' id='word_1_137' title='bbox 671 2687 788 2749; x_wconf 93' lang='lat' dir='ltr'>unione</span> <span class='ocrx_word' id='word_1_138' title='bbox 810 2706 882 2749; x_wconf 89' lang='lat' dir='ltr'>curn</span> <span class='ocrx_word' id='word_1_139' title='bbox 901 2687 1038 2770; x_wconf 83' lang='lat' dir='ltr'>Ecclesia</span> <span class='ocrx_word' id='word_1_140' title='bbox 1055 2688 1206 2756; x_wconf 85' lang='lat' dir='ltr'>Romana,</span> <span class='ocrx_word' id='word_1_141' title='bbox 1229 2686 1362 2749; x_wconf 87' lang='lat' dir='ltr'>Vitebsci</span> <span class='ocrx_word' id='word_1_142' title='bbox 1381 2687 1414 2747; x_wconf 95' lang='lat' dir='ltr'>in</span> <span class='ocrx_word' id='word_1_143' title='bbox 1433 2687 1544 2748; x_wconf 87' lang='lat' dir='ltr'>Russia</span> <span class='ocrx_word' id='word_1_144' title='bbox 1623 2700 1624 2705; x_wconf 73' lang='grc'>’</span> 
     </span>
    </p>
   </div>
   <div class='ocr_carea' id='block_1_4' title="bbox 562 2787 1624 2976">
    <p class='ocr_par' dir='ltr' id='par_1_4' title="bbox 562 2787 1624 2976">
     <span class='ocr_line' id='line_1_21' title="bbox 562 2787 1542 2869; baseline 0 -21"><span class='ocrx_word' id='word_1_145' title='bbox 562 2787 653 2861; x_wconf 85' lang='lat' dir='ltr'>Alba,</span> <span class='ocrx_word' id='word_1_146' title='bbox 676 2788 727 2851; x_wconf 90' lang='lat' dir='ltr'>die</span> <span class='ocrx_word' id='word_1_147' title='bbox 753 2794 789 2850; x_wconf 79' lang='lat' dir='ltr'>tn</span> <span class='ocrx_word' id='word_1_148' title='bbox 809 2789 989 2869; x_wconf 60' lang='lat' dir='ltr'>trimembris</span> <span class='ocrx_word' id='word_1_149' title='bbox 1002 2794 1122 2862; x_wconf 58' lang='lat' dir='ltr'>lotha</span> <span class='ocrx_word' id='word_1_150' title='bbox 1147 2788 1353 2851; x_wconf 84' lang='lat' dir='ltr'>schismaticis</span> <span class='ocrx_word' id='word_1_151' title='bbox 1374 2788 1542 2860; x_wconf 89' lang='lat' dir='ltr'>trucidati;</span> 
     </span>
     <span class='ocr_line' id='line_1_22' title="bbox 564 2893 1624 2976; baseline 0.001 -23"><span class='ocrx_word' id='word_1_152' title='bbox 564 2893 618 2954; x_wconf 92' lang='lat' dir='ltr'>illa</span> <span class='ocrx_word' id='word_1_153' title='bbox 628 2893 742 2955; x_wconf 92' lang='lat' dir='ltr'>deinde</span> <span class='ocrx_word' id='word_1_154' title='bbox 754 2914 809 2976; x_wconf 89' lang='lat' dir='ltr'>per</span> <span class='ocrx_word' id='word_1_155' title='bbox 820 2895 926 2975; x_wconf 87' lang='lat' dir='ltr'>plures</span> <span class='ocrx_word' id='word_1_156' title='bbox 936 2913 1036 2956; x_wconf 91' lang='lat' dir='ltr'>annos</span> <span class='ocrx_word' id='word_1_157' title='bbox 1046 2914 1102 2976; x_wconf 90' lang='lat' dir='ltr'>per</span> <span class='ocrx_word' id='word_1_158' title='bbox 1111 2894 1254 2956; x_wconf 85' lang='lat' dir='ltr'>eamdem</span> <span class='ocrx_word' id='word_1_159' title='bbox 1261 2894 1543 2973; x_wconf 89' lang='lat' dir='ltr'>Congregationem</span> <span class='ocrx_word' id='word_1_160' title='bbox 1623 2904 1624 2923; x_wconf 67' lang='lat'>¹</span> 
     </span>
    </p>
   </div>
   <div class='ocr_carea' id='block_1_5' title="bbox 563 2995 1548 4104">
    <p class='ocr_par' dir='ltr' id='par_1_5' title="bbox 563 2995 1548 4104">
     <span class='ocr_line' id='line_1_23' title="bbox 564 2995 1542 3066; baseline 0 -11"><span class='ocrx_word' id='word_1_161' title='bbox 564 2996 693 3057; x_wconf 87' lang='lat' dir='ltr'>servatis</span> <span class='ocrx_word' id='word_1_162' title='bbox 708 2995 869 3057; x_wconf 82' lang='lat' dir='ltr'>servandis</span> <span class='ocrx_word' id='word_1_163' title='bbox 888 2995 1026 3058; x_wconf 91' lang='lat' dir='ltr'>discussa</span> <span class='ocrx_word' id='word_1_164' title='bbox 1053 3006 1083 3057; x_wconf 91' lang='lat' dir='ltr'>et</span> <span class='ocrx_word' id='word_1_165' title='bbox 1103 2996 1292 3066; x_wconf 87' lang='lat' dir='ltr'>examinata,</span> <span class='ocrx_word' id='word_1_166' title='bbox 1314 2996 1430 3057; x_wconf 91' lang='lat' dir='ltr'>auditis</span> <span class='ocrx_word' id='word_1_167' title='bbox 1447 2997 1542 3058; x_wconf 90' lang='lat' dir='ltr'>etiam</span> 
     </span>
     <span class='ocr_line' id='line_1_24' title="bbox 563 3086 1543 3177; baseline 0.002 -22"><span class='ocrx_word' id='word_1_168' title='bbox 563 3094 699 3177; x_wconf 90' lang='lat' dir='ltr'>desuper</span> <span class='ocrx_word' id='word_1_169' title='bbox 714 3097 877 3176; x_wconf 81' lang='lat' dir='ltr'>theologis,</span> <span class='ocrx_word' id='word_1_170' title='bbox 896 3096 1129 3159; x_wconf 89' lang='lat' dir='ltr'>consultoribus</span> <span class='ocrx_word' id='word_1_171' title='bbox 1150 3106 1181 3157; x_wconf 89' lang='lat' dir='ltr'>et</span> <span class='ocrx_word' id='word_1_172' title='bbox 1194 3106 1306 3157; x_wconf 78' lang='lat' dir='ltr'>sanctae</span> <span class='ocrx_word' id='word_1_173' title='bbox 1322 3096 1393 3157; x_wconf 89' lang='lat' dir='ltr'>lidei</span> <span class='ocrx_word' id='word_1_174' title='bbox 1411 3086 1543 3177; x_wconf 88' lang='lat' dir='ltr'>promo-</span> 
     </span>
     <span class='ocr_line' id='line_1_25' title="bbox 564 3197 1544 3281; baseline 0.001 -23"><span class='ocrx_word' id='word_1_175' title='bbox 564 3205 640 3270; x_wconf 89' lang='lat' dir='ltr'>tore,</span> <span class='ocrx_word' id='word_1_176' title='bbox 660 3205 730 3279; x_wconf 92' lang='lat' dir='ltr'>post</span> <span class='ocrx_word' id='word_1_177' title='bbox 753 3197 915 3260; x_wconf 90' lang='lat' dir='ltr'>obtentam</span> <span class='ocrx_word' id='word_1_178' title='bbox 937 3200 1026 3280; x_wconf 91' lang='lat' dir='ltr'>prius</span> <span class='ocrx_word' id='word_1_179' title='bbox 1048 3198 1184 3271; x_wconf 77' lang='lat' dir='ltr'>aNobiS,</span> <span class='ocrx_word' id='word_1_180' title='bbox 1200 3198 1259 3260; x_wconf 91' lang='lat' dir='ltr'>sub</span> <span class='ocrx_word' id='word_1_181' title='bbox 1279 3199 1330 3260; x_wconf 92' lang='lat' dir='ltr'>die</span> <span class='ocrx_word' id='word_1_182' title='bbox 1353 3206 1389 3261; x_wconf 64' lang='grc' dir='ltr'><em>Ἦ</em></span> <span class='ocrx_word' id='word_1_183' title='bbox 1404 3200 1544 3281; x_wconf 89' lang='lat' dir='ltr'>januarii</span> 
     </span>
     <span class='ocr_line' id='line_1_26' title="bbox 564 3302 1544 3383; baseline 0 -20"><span class='ocrx_word' id='word_1_184' title='bbox 564 3303 640 3363; x_wconf 92' lang='lat' dir='ltr'>anni</span> <span class='ocrx_word' id='word_1_185' title='bbox 656 3306 748 3375; x_wconf 66' lang='lat' dir='ltr'>toth,</span> <span class='ocrx_word' id='word_1_186' title='bbox 772 3302 1007 3381; x_wconf 83' lang='lat' dir='ltr'>derogationem</span> <span class='ocrx_word' id='word_1_187' title='bbox 1029 3302 1142 3363; x_wconf 89' lang='lat' dir='ltr'>decreti</span> <span class='ocrx_word' id='word_1_188' title='bbox 1163 3302 1260 3363; x_wconf 92' lang='lat' dir='ltr'>nostri</span> <span class='ocrx_word' id='word_1_189' title='bbox 1280 3302 1319 3363; x_wconf 89' lang='lat' dir='ltr'>dc</span> <span class='ocrx_word' id='word_1_190' title='bbox 1343 3321 1406 3365; x_wconf 91' lang='lat' dir='ltr'>non</span> <span class='ocrx_word' id='word_1_191' title='bbox 1430 3321 1544 3383; x_wconf 89' lang='lat' dir='ltr'>proce-</span> 
     </span>
     <span class='ocr_line' id='line_1_27' title="bbox 563 3398 1546 3468; baseline 0 -4"><span class='ocrx_word' id='word_1_192' title='bbox 563 3403 668 3465; x_wconf 93' lang='lat' dir='ltr'>dendo</span> <span class='ocrx_word' id='word_1_193' title='bbox 682 3424 713 3465; x_wconf 88' lang='lat' dir='ltr'>rn</span> <span class='ocrx_word' id='word_1_194' title='bbox 727 3406 830 3465; x_wconf 91' lang='lat' dir='ltr'>causis</span> <span class='ocrx_word' id='word_1_195' title='bbox 845 3422 1007 3466; x_wconf 84' lang='lat' dir='ltr'>servorum</span> <span class='ocrx_word' id='word_1_196' title='bbox 1019 3406 1072 3465; x_wconf 87' lang='lat' dir='ltr'>Dei</span> <span class='ocrx_word' id='word_1_197' title='bbox 1087 3405 1126 3466; x_wconf 92' lang='lat' dir='ltr'>ad</span> <span class='ocrx_word' id='word_1_198' title='bbox 1139 3406 1284 3467; x_wconf 86' lang='lat' dir='ltr'>effectum</span> <span class='ocrx_word' id='word_1_199' title='bbox 1296 3398 1546 3468; x_wconf 82' lang='lat' dir='ltr'>canonizationis</span> 
     </span>
     <span class='ocr_line' id='line_1_28' title="bbox 563 3508 1546 3589; baseline -0.002 -20"><span class='ocrx_word' id='word_1_200' title='bbox 563 3508 878 3581; x_wconf 83' lang='lat' dir='ltr'>scubearilicatronis,</span> <span class='ocrx_word' id='word_1_201' title='bbox 897 3517 951 3570; x_wconf 90' lang='lat' dir='ltr'>aut</span> <span class='ocrx_word' id='word_1_202' title='bbox 964 3508 1184 3570; x_wconf 89' lang='lat' dir='ltr'>declarationis</span> <span class='ocrx_word' id='word_1_203' title='bbox 1199 3509 1351 3589; x_wconf 82' lang='lat' dir='ltr'>martyrii,</span> <span class='ocrx_word' id='word_1_204' title='bbox 1369 3510 1428 3569; x_wconf 92' lang='lat' dir='ltr'>nisi</span> <span class='ocrx_word' id='word_1_205' title='bbox 1447 3509 1546 3589; x_wconf 86' lang='lat' dir='ltr'>lapsis</span> 
     </span>
     <span class='ocr_line' id='line_1_29' title="bbox 563 3609 1545 3692; baseline -0.002 -21"><span class='ocrx_word' id='word_1_206' title='bbox 563 3610 794 3690; x_wconf 80' lang='lat' dir='ltr'>quinquaginta</span> <span class='ocrx_word' id='word_1_207' title='bbox 821 3609 911 3671; x_wconf 89' lang='lat' dir='ltr'>annis</span> <span class='ocrx_word' id='word_1_208' title='bbox 940 3609 980 3670; x_wconf 90' lang='lat' dir='ltr'>ab</span> <span class='ocrx_word' id='word_1_209' title='bbox 999 3609 1089 3672; x_wconf 88' lang='lat' dir='ltr'>obitu</span> <span class='ocrx_word' id='word_1_210' title='bbox 1116 3610 1255 3683; x_wconf 89' lang='lat' dir='ltr'>illorum,</span> <span class='ocrx_word' id='word_1_211' title='bbox 1286 3619 1316 3671; x_wconf 90' lang='lat' dir='ltr'>et</span> <span class='ocrx_word' id='word_1_212' title='bbox 1345 3610 1459 3692; x_wconf 74' lang='lat' dir='ltr'>praesia</span> <span class='ocrx_word' id='word_1_213' title='bbox 1484 3610 1545 3671; x_wconf 92' lang='lat' dir='ltr'>sub</span> 
     </span>
     <span class='ocr_line' id='line_1_30' title="bbox 563 3714 1547 3796; baseline -0.004 -18"><span class='ocrx_word' id='word_1_214' title='bbox 563 3715 614 3778; x_wconf 93' lang='lat' dir='ltr'>die</span> <span class='ocrx_word' id='word_1_215' title='bbox 628 3721 646 3777; x_wconf 74' lang='lat'><strong>2</strong></span> <span class='ocrx_word' id='word_1_216' title='bbox 661 3717 766 3777; x_wconf 91' lang='lat' dir='ltr'>martii</span> <span class='ocrx_word' id='word_1_217' title='bbox 781 3721 869 3788; x_wconf 74' lang='lat' dir='ltr'>toll,</span> <span class='ocrx_word' id='word_1_218' title='bbox 886 3724 993 3777; x_wconf 91' lang='lat' dir='ltr'>nostra</span> <span class='ocrx_word' id='word_1_219' title='bbox 1012 3714 1146 3788; x_wconf 90' lang='lat' dir='ltr'>licentia,</span> <span class='ocrx_word' id='word_1_220' title='bbox 1164 3714 1378 3789; x_wconf 88' lang='lat' dir='ltr'>adulteriora,</span> <span class='ocrx_word' id='word_1_221' title='bbox 1396 3716 1427 3775; x_wconf 91' lang='lat' dir='ltr'>in</span> <span class='ocrx_word' id='word_1_222' title='bbox 1438 3715 1547 3796; x_wconf 83' lang='lat' dir='ltr'>hujus·</span> 
     </span>
     <span class='ocr_line' id='line_1_31' title="bbox 564 3815 1544 3899; baseline -0.005 -19"><span class='ocrx_word' id='word_1_223' title='bbox 564 3817 651 3880; x_wconf 94' lang='lat' dir='ltr'>modi</span> <span class='ocrx_word' id='word_1_224' title='bbox 666 3836 775 3891; x_wconf 93' lang='lat' dir='ltr'>causa,</span> <span class='ocrx_word' id='word_1_225' title='bbox 793 3818 825 3877; x_wconf 94' lang='lat' dir='ltr'>in</span> <span class='ocrx_word' id='word_1_226' title='bbox 842 3816 1142 3897; x_wconf 85' lang='lat' dir='ltr'>Congregationibus</span> <span class='ocrx_word' id='word_1_227' title='bbox 1156 3816 1325 3878; x_wconf 88' lang='lat' dir='ltr'>ordinariis</span> <span class='ocrx_word' id='word_1_228' title='bbox 1340 3815 1544 3899; x_wconf 91' lang='lat' dir='ltr'>procedendi,</span> 
     </span>
     <span class='ocr_line' id='line_1_32' title="bbox 563 3916 1545 3999; baseline -0.002 -17"><span class='ocrx_word' id='word_1_229' title='bbox 563 3920 715 3982; x_wconf 85' lang='lat' dir='ltr'>referente</span> <span class='ocrx_word' id='word_1_230' title='bbox 727 3920 842 3982; x_wconf 91' lang='lat' dir='ltr'>dilecto</span> <span class='ocrx_word' id='word_1_231' title='bbox 856 3920 922 3981; x_wconf 87' lang='lat' dir='ltr'>filio</span> <span class='ocrx_word' id='word_1_232' title='bbox 934 3929 1043 3982; x_wconf 89' lang='lat' dir='ltr'>nostro</span> <span class='ocrx_word' id='word_1_233' title='bbox 1054 3920 1173 3981; x_wconf 79' lang='lat' dir='ltr'>Ioanne</span> <span class='ocrx_word' id='word_1_234' title='bbox 1183 3918 1322 3999; x_wconf 90' lang='lat' dir='ltr'>Baptista</span> <span class='ocrx_word' id='word_1_235' title='bbox 1336 3919 1418 3981; x_wconf 92' lang='lat' dir='ltr'>tituli</span> <span class='ocrx_word' id='word_1_236' title='bbox 1429 3916 1461 3981; x_wconf 76' lang='lat' dir='ltr'>S.</span> <span class='ocrx_word' id='word_1_237' title='bbox 1475 3918 1545 3980; x_wconf 90' lang='lat' dir='ltr'>Eu·</span> 
     </span>
     <span class='ocr_line' id='line_1_33' title="bbox 565 4019 1548 4104; baseline -0.007 -20"><span class='ocrx_word' id='word_1_238' title='bbox 565 4022 642 4084; x_wconf 91' lang='lat' dir='ltr'>sebii</span> <span class='ocrx_word' id='word_1_239' title='bbox 661 4023 801 4104; x_wconf 90' lang='lat' dir='ltr'>ejusdem</span> <span class='ocrx_word' id='word_1_240' title='bbox 820 4031 934 4083; x_wconf 71' lang='lat' dir='ltr'>sanctae</span> <span class='ocrx_word' id='word_1_241' title='bbox 958 4024 1105 4083; x_wconf 80' lang='lat' dir='ltr'>llomanae</span> <span class='ocrx_word' id='word_1_242' title='bbox 1126 4020 1270 4082; x_wconf 87' lang='lat' dir='ltr'>Ecclesiae</span> <span class='ocrx_word' id='word_1_243' title='bbox 1285 4019 1467 4102; x_wconf 78' lang='lat' dir='ltr'>presbytero</span> <span class='ocrx_word' id='word_1_244' title='bbox 1483 4038 1548 4080; x_wconf 84' lang='lat' dir='ltr'>car-</span> 
     </span>
    </p>
   </div>
   <div class='ocr_carea' id='block_1_6' title="bbox 565 4126 1547 4211">
    <p class='ocr_par' dir='ltr' id='par_1_6' title="bbox 565 4126 1547 4211">
     <span class='ocr_line' id='line_1_34' title="bbox 565 4126 1547 4211; baseline -0.005 -20"><span class='ocrx_word' id='word_1_245' title='bbox 565 4130 677 4207; x_wconf 89' lang='lat' dir='ltr'>dinali,</span> <span class='ocrx_word' id='word_1_246' title='bbox 689 4129 867 4211; x_wconf 89' lang='lat' dir='ltr'>Pamphilio</span> <span class='ocrx_word' id='word_1_247' title='bbox 879 4138 1077 4210; x_wconf 91' lang='lat' dir='ltr'>nuncupato,</span> <span class='ocrx_word' id='word_1_248' title='bbox 1093 4127 1253 4210; x_wconf 89' lang='lat' dir='ltr'>proposita</span> <span class='ocrx_word' id='word_1_249' title='bbox 1260 4148 1269 4202; x_wconf 78' lang='lat'><em>3</em></span> <span class='ocrx_word' id='word_1_250' title='bbox 1284 4127 1394 4189; x_wconf 91' lang='lat' dir='ltr'>eadem</span> <span class='ocrx_word' id='word_1_251' title='bbox 1411 4126 1547 4205; x_wconf 83' lang='lat' dir='ltr'>Congre-</span> 
     </span>
    </p>
   </div>
   <div class='ocr_carea' id='block_1_7' title="bbox 0 0 1637 5476">
    <p class='ocr_par' dir='ltr' id='par_1_7' title="bbox 0 0 1637 5476">
     <span class='ocr_line' id='line_1_35' title="bbox 0 0 1637 5476; baseline 0 0"><span class='ocrx_word' id='word_1_252' title='bbox 0 0 1637 5476; x_wconf 95' lang='lat' dir='ltr'> </span> 
     </span>
    </p>
   </div>
  </div>
 </body>
</html>
