<?xml version="1.0" encoding="UTF-8"?>
<!DOCTYPE html PUBLIC "-//W3C//DTD XHTML 1.0 Transitional//EN"
    "http://www.w3.org/TR/xhtml1/DTD/xhtml1-transitional.dtd">
<html xmlns="http://www.w3.org/1999/xhtml" xml:lang="en" lang="en">
 <head>
  <title>
</title>
<meta http-equiv="Content-Type" content="text/html;charset=utf-8" />
  <meta name='ocr-system' content='tesseract 3.04.00' />
  <meta name='ocr-capabilities' content='ocr_page ocr_carea ocr_par ocr_line ocrx_word'/>
</head>
<body>
  <div class='ocr_page' id='page_1' title='image "./cursusvitetcert00martgoog_0106.png"; bbox 0 0 3259 5484; ppageno 0'>
   <div class='ocr_carea' id='block_1_1' title="bbox 285 2086 530 2192">
    <p class='ocr_par' dir='ltr' id='par_1_1' title="bbox 285 2086 530 2192">
     <span class='ocr_line' id='line_1_1' title="bbox 285 2086 530 2142; baseline 0 -13"><span class='ocrx_word' id='word_1_1' title='bbox 285 2087 373 2129; x_wconf 71' lang='lat' dir='ltr'>Maxima</span> <span class='ocrx_word' id='word_1_2' title='bbox 384 2099 422 2142; x_wconf 82' lang='lat' dir='ltr'>per</span> <span class='ocrx_word' id='word_1_3' title='bbox 430 2086 530 2129; x_wconf 77' lang='lat' dir='ltr'>ussedo-</span> 
     </span>
     <span class='ocr_line' id='line_1_2' title="bbox 386 2154 436 2192; baseline -0.02 0"><span class='ocrx_word' id='word_1_4' title='bbox 386 2154 436 2192; x_wconf 80' lang='lat' dir='ltr'>tem.</span> 
     </span>
    </p>
   </div>
   <div class='ocr_carea' id='block_1_2' title="bbox 284 3116 528 3233">
    <p class='ocr_par' dir='ltr' id='par_1_2' title="bbox 284 3116 528 3233">
     <span class='ocr_line' id='line_1_3' title="bbox 284 3116 528 3161; baseline 0.008 -2"><span class='ocrx_word' id='word_1_5' title='bbox 284 3116 448 3159; x_wconf 66' lang='lat' dir='ltr'>mustus-os</span> <span class='ocrx_word' id='word_1_6' title='bbox 460 3122 528 3161; x_wconf 82' lang='lat' dir='ltr'>morte</span> 
     </span>
     <span class='ocr_line' id='line_1_4' title="bbox 349 3178 465 3233; baseline -0.009 -13"><span class='ocrx_word' id='word_1_7' title='bbox 349 3178 451 3233; x_wconf 77' lang='lat' dir='ltr'>Josapbrt</span> <span class='ocrx_word' id='word_1_8' title='bbox 459 3212 465 3232; x_wconf 89' lang='lat'>,</span> 
     </span>
    </p>
   </div>
   <div class='ocr_carea' id='block_1_3' title="bbox 282 4110 527 4155">
    <p class='ocr_par' dir='ltr' id='par_1_3' title="bbox 282 4110 527 4155">
     <span class='ocr_line' id='line_1_5' title="bbox 282 4110 527 4155; baseline 0.004 -1"><span class='ocrx_word' id='word_1_9' title='bbox 282 4110 320 4154; x_wconf 82' lang='lat' dir='ltr'>sed</span> <span class='ocrx_word' id='word_1_10' title='bbox 338 4111 405 4155; x_wconf 75' lang='lat' dir='ltr'>vitare</span> <span class='ocrx_word' id='word_1_11' title='bbox 420 4123 461 4154; x_wconf 91' lang='lat' dir='ltr'>non</span> <span class='ocrx_word' id='word_1_12' title='bbox 475 4111 527 4155; x_wconf 78' lang='lat' dir='ltr'>vult.</span> 
     </span>
    </p>
   </div>
   <div class='ocr_carea' id='block_1_4' title="bbox 962 678 1142 749">
    <p class='ocr_par' dir='ltr' id='par_1_4' title="bbox 962 678 1142 749">
     <span class='ocr_line' id='line_1_6' title="bbox 962 678 1142 749; baseline 0 -14"><span class='ocrx_word' id='word_1_13' title='bbox 962 678 1142 749; x_wconf 68' lang='lat'>...82-</span> 
     </span>
    </p>
   </div>
   <div class='ocr_carea' id='block_1_5' title="bbox 556 842 1536 4046">
    <p class='ocr_par' dir='ltr' id='par_1_5' title="bbox 556 842 1534 3049">
     <span class='ocr_line' id='line_1_7' title="bbox 563 842 1532 936; baseline -0.002 -23"><span class='ocrx_word' id='word_1_14' title='bbox 563 845 720 915; x_wconf 87' lang='lat' dir='ltr'>animum</span> <span class='ocrx_word' id='word_1_15' title='bbox 740 850 993 915; x_wconf 80' lang='lat' dir='ltr'>monstravere.</span> <span class='ocrx_word' id='word_1_16' title='bbox 1020 842 1189 923; x_wconf 86' lang='lat' dir='ltr'>Sabbato,</span> <span class='ocrx_word' id='word_1_17' title='bbox 1206 844 1253 911; x_wconf 89' lang='lat' dir='ltr'>·in</span> <span class='ocrx_word' id='word_1_18' title='bbox 1274 844 1456 936; x_wconf 85' lang='lat' dir='ltr'>pervigilio</span> <span class='ocrx_word' id='word_1_19' title='bbox 1479 866 1532 913; x_wconf 84' lang='lat' dir='ltr'>ex·</span> 
     </span>
     <span class='ocr_line' id='line_1_8' title="bbox 562 954 1531 1035; baseline -0.002 -10"><span class='ocrx_word' id='word_1_20' title='bbox 562 963 686 1027; x_wconf 82' lang='lat' dir='ltr'>tremae</span> <span class='ocrx_word' id='word_1_21' title='bbox 707 957 798 1033; x_wconf 90' lang='lat' dir='ltr'>diei,</span> <span class='ocrx_word' id='word_1_22' title='bbox 825 963 925 1026; x_wconf 86' lang='lat' dir='ltr'>extra</span> <span class='ocrx_word' id='word_1_23' title='bbox 946 954 1165 1035; x_wconf 84' lang='lat' dir='ltr'>Vitebscum,</span> <span class='ocrx_word' id='word_1_24' title='bbox 1188 954 1362 1025; x_wconf 92' lang='lat' dir='ltr'>bonorum</span> <span class='ocrx_word' id='word_1_25' title='bbox 1382 956 1531 1026; x_wconf 85' lang='lat' dir='ltr'>eeclesiae</span> 
     </span>
     <span class='ocr_line' id='line_1_9' title="bbox 564 1068 1529 1161; baseline 0 -25"><span class='ocrx_word' id='word_1_26' title='bbox 564 1068 736 1139; x_wconf 92' lang='lat' dir='ltr'>limitibus</span> <span class='ocrx_word' id='word_1_27' title='bbox 751 1091 831 1138; x_wconf 90' lang='lat' dir='ltr'>cum</span> <span class='ocrx_word' id='word_1_28' title='bbox 848 1070 999 1161; x_wconf 87' lang='lat' dir='ltr'>quodam</span> <span class='ocrx_word' id='word_1_29' title='bbox 1017 1068 1125 1137; x_wconf 91' lang='lat' dir='ltr'>nobili</span> <span class='ocrx_word' id='word_1_30' title='bbox 1138 1068 1327 1159; x_wconf 80' lang='lat' dir='ltr'>Krupevicz</span> <span class='ocrx_word' id='word_1_31' title='bbox 1339 1068 1529 1159; x_wconf 77' lang='lat' dir='ltr'>diremptis,</span> 
     </span>
     <span class='ocr_line' id='line_1_10' title="bbox 562 1177 1532 1272; baseline -0.002 -25"><span class='ocrx_word' id='word_1_32' title='bbox 562 1180 846 1272; x_wconf 76' lang='lat' dir='ltr'>prorespertinis</span> <span class='ocrx_word' id='word_1_33' title='bbox 856 1180 979 1248; x_wconf 92' lang='lat' dir='ltr'>eodem</span> <span class='ocrx_word' id='word_1_34' title='bbox 992 1177 1204 1270; x_wconf 88' lang='lat' dir='ltr'>properabat</span> <span class='ocrx_word' id='word_1_35' title='bbox 1215 1178 1445 1269; x_wconf 71' lang='lat' dir='ltr'>precibusne</span> <span class='ocrx_word' id='word_1_36' title='bbox 1455 1178 1532 1269; x_wconf 90' lang='lat' dir='ltr'>quia</span> 
     </span>
     <span class='ocr_line' id='line_1_11' title="bbox 560 1288 1529 1369; baseline -0.003 -9"><span class='ocrx_word' id='word_1_37' title='bbox 560 1291 806 1361; x_wconf 85' lang='lat' dir='ltr'>Vitebscenses</span> <span class='ocrx_word' id='word_1_38' title='bbox 817 1296 917 1361; x_wconf 88' lang='lat' dir='ltr'>extra</span> <span class='ocrx_word' id='word_1_39' title='bbox 930 1288 1119 1369; x_wconf 83' lang='lat' dir='ltr'>civitatem,</span> <span class='ocrx_word' id='word_1_40' title='bbox 1130 1295 1228 1357; x_wconf 91' lang='lat' dir='ltr'>trans</span> <span class='ocrx_word' id='word_1_41' title='bbox 1241 1289 1372 1359; x_wconf 76' lang='lat' dir='ltr'>[lumen</span> <span class='ocrx_word' id='word_1_42' title='bbox 1387 1293 1529 1367; x_wconf 86' lang='lat' dir='ltr'>Dunam,</span> 
     </span>
     <span class='ocr_line' id='line_1_12' title="bbox 562 1400 1529 1492; baseline -0.002 -23"><span class='ocrx_word' id='word_1_43' title='bbox 562 1401 812 1471; x_wconf 82' lang='lat' dir='ltr'>tumultuarias</span> <span class='ocrx_word' id='word_1_44' title='bbox 845 1406 1051 1479; x_wconf 77' lang='lat' dir='ltr'>erexerant,</span> <span class='ocrx_word' id='word_1_45' title='bbox 1082 1407 1121 1469; x_wconf 93' lang='lat' dir='ltr'>ut</span> <span class='ocrx_word' id='word_1_46' title='bbox 1147 1400 1298 1481; x_wconf 89' lang='lat' dir='ltr'>dictum,</span> <span class='ocrx_word' id='word_1_47' title='bbox 1326 1422 1529 1492; x_wconf 79' lang='lat' dir='ltr'>synagogas,</span> 
     </span>
     <span class='ocr_line' id='line_1_13' title="bbox 561 1509 1533 1603; baseline -0.002 -24"><span class='ocrx_word' id='word_1_48' title='bbox 561 1532 657 1603; x_wconf 84' lang='lat' dir='ltr'>saepe</span> <span class='ocrx_word' id='word_1_49' title='bbox 672 1512 754 1579; x_wconf 95' lang='lat' dir='ltr'>hinc</span> <span class='ocrx_word' id='word_1_50' title='bbox 769 1510 851 1580; x_wconf 92' lang='lat' dir='ltr'>inde</span> <span class='ocrx_word' id='word_1_51' title='bbox 867 1532 931 1601; x_wconf 89' lang='lat' dir='ltr'>per</span> <span class='ocrx_word' id='word_1_52' title='bbox 945 1509 1077 1579; x_wconf 85' lang='lat' dir='ltr'>humen</span> <span class='ocrx_word' id='word_1_53' title='bbox 1100 1511 1143 1579; x_wconf 88' lang='lat' dir='ltr'>ad</span> <span class='ocrx_word' id='word_1_54' title='bbox 1172 1510 1269 1591; x_wconf 89' lang='lat' dir='ltr'>illas,</span> <span class='ocrx_word' id='word_1_55' title='bbox 1287 1518 1324 1581; x_wconf 92' lang='lat' dir='ltr'>et</span> <span class='ocrx_word' id='word_1_56' title='bbox 1343 1532 1387 1581; x_wconf 87' lang='lat' dir='ltr'>ex</span> <span class='ocrx_word' id='word_1_57' title='bbox 1408 1510 1480 1579; x_wconf 86' lang='lat' dir='ltr'>illis</span> <span class='ocrx_word' id='word_1_58' title='bbox 1494 1510 1533 1577; x_wconf 90' lang='lat' dir='ltr'>ad</span> 
     </span>
     <span class='ocr_line' id='line_1_14' title="bbox 560 1619 1533 1714; baseline 0 -23"><span class='ocrx_word' id='word_1_59' title='bbox 560 1619 739 1691; x_wconf 85' lang='lat' dir='ltr'>civitatem</span> <span class='ocrx_word' id='word_1_60' title='bbox 748 1620 994 1691; x_wconf 80' lang='lat' dir='ltr'>commeabant</span> <span class='ocrx_word' id='word_1_61' title='bbox 1007 1644 1014 1689; x_wconf 92' lang='lat'><strong>:</strong></span> <span class='ocrx_word' id='word_1_62' title='bbox 1028 1620 1133 1713; x_wconf 91' lang='lat' dir='ltr'>idque</span> <span class='ocrx_word' id='word_1_63' title='bbox 1145 1628 1291 1714; x_wconf 91' lang='lat' dir='ltr'>propter</span> <span class='ocrx_word' id='word_1_64' title='bbox 1301 1621 1413 1714; x_wconf 89' lang='lat' dir='ltr'>ipsam</span> <span class='ocrx_word' id='word_1_65' title='bbox 1424 1623 1533 1691; x_wconf 89' lang='lat' dir='ltr'>archi·</span> 
     </span>
     <span class='ocr_line' id='line_1_15' title="bbox 561 1730 1533 1823; baseline 0.002 -24"><span class='ocrx_word' id='word_1_66' title='bbox 561 1732 725 1823; x_wconf 77' lang='lat' dir='ltr'>praesuiis</span> <span class='ocrx_word' id='word_1_67' title='bbox 747 1730 877 1800; x_wconf 86' lang='lat' dir='ltr'>aulam.</span> <span class='ocrx_word' id='word_1_68' title='bbox 891 1731 977 1801; x_wconf 88' lang='lat' dir='ltr'>Hinc</span> <span class='ocrx_word' id='word_1_69' title='bbox 992 1731 1085 1801; x_wconf 88' lang='lat' dir='ltr'>obvii</span> <span class='ocrx_word' id='word_1_70' title='bbox 1100 1740 1174 1801; x_wconf 91' lang='lat' dir='ltr'>tum</span> <span class='ocrx_word' id='word_1_71' title='bbox 1189 1733 1271 1803; x_wconf 85' lang='lat' dir='ltr'>facti</span> <span class='ocrx_word' id='word_1_72' title='bbox 1285 1733 1443 1803; x_wconf 73' lang='lat' dir='ltr'>ecelesia</span> <span class='ocrx_word' id='word_1_73' title='bbox 1458 1733 1533 1801; x_wconf 91' lang='lat' dir='ltr'>sub·</span> 
     </span>
     <span class='ocr_line' id='line_1_16' title="bbox 559 1841 1534 1935; baseline 0.001 -27"><span class='ocrx_word' id='word_1_74' title='bbox 559 1841 643 1910; x_wconf 89' lang='lat' dir='ltr'>ditis</span> <span class='ocrx_word' id='word_1_75' title='bbox 655 1841 837 1911; x_wconf 89' lang='lat' dir='ltr'>dominum</span> <span class='ocrx_word' id='word_1_76' title='bbox 851 1864 954 1911; x_wconf 90' lang='lat' dir='ltr'>suum</span> <span class='ocrx_word' id='word_1_77' title='bbox 975 1842 1018 1911; x_wconf 92' lang='lat' dir='ltr'>ad</span> <span class='ocrx_word' id='word_1_78' title='bbox 1038 1841 1205 1922; x_wconf 83' lang='lat' dir='ltr'>fluvium,</span> <span class='ocrx_word' id='word_1_79' title='bbox 1222 1843 1283 1935; x_wconf 92' lang='lat' dir='ltr'>qui</span> <span class='ocrx_word' id='word_1_80' title='bbox 1298 1844 1534 1913; x_wconf 85' lang='lat' dir='ltr'>transfretan-</span> 
     </span>
     <span class='ocr_line' id='line_1_17' title="bbox 558 1951 1533 2045; baseline 0 -24"><span class='ocrx_word' id='word_1_81' title='bbox 558 1954 625 2023; x_wconf 94' lang='lat' dir='ltr'>dus</span> <span class='ocrx_word' id='word_1_82' title='bbox 648 1960 741 2033; x_wconf 88' lang='lat' dir='ltr'>erat,</span> <span class='ocrx_word' id='word_1_83' title='bbox 765 1952 1028 2045; x_wconf 85' lang='lat' dir='ltr'>operientibus,</span> <span class='ocrx_word' id='word_1_84' title='bbox 1052 1951 1204 2023; x_wconf 84' lang='lat' dir='ltr'>intulere</span> <span class='ocrx_word' id='word_1_85' title='bbox 1228 1976 1234 2021; x_wconf 93' lang='lat'>:</span> <span class='ocrx_word' id='word_1_86' title='bbox 1259 1974 1328 2021; x_wconf 92' lang='lat' dir='ltr'>non</span> <span class='ocrx_word' id='word_1_87' title='bbox 1353 1952 1412 2021; x_wconf 93' lang='lat' dir='ltr'>diu</span> <span class='ocrx_word' id='word_1_88' title='bbox 1442 1952 1533 2044; x_wconf 89' lang='lat' dir='ltr'>ipsos</span> 
     </span>
     <span class='ocr_line' id='line_1_18' title="bbox 558 2063 1532 2155; baseline -0.003 -23"><span class='ocrx_word' id='word_1_89' title='bbox 558 2085 639 2133; x_wconf 89' lang='lat' dir='ltr'>cum</span> <span class='ocrx_word' id='word_1_90' title='bbox 664 2064 806 2133; x_wconf 91' lang='lat' dir='ltr'>domino</span> <span class='ocrx_word' id='word_1_91' title='bbox 833 2084 897 2133; x_wconf 90' lang='lat' dir='ltr'>suo</span> <span class='ocrx_word' id='word_1_92' title='bbox 920 2063 1179 2155; x_wconf 76' lang='lat' dir='ltr'>superfuturus.</span> <span class='ocrx_word' id='word_1_93' title='bbox 1209 2063 1366 2153; x_wconf 77' lang='lat' dir='ltr'>Trajecto</span> <span class='ocrx_word' id='word_1_94' title='bbox 1391 2064 1532 2131; x_wconf 87' lang='lat' dir='ltr'>flumine</span> 
     </span>
     <span class='ocr_line' id='line_1_19' title="bbox 558 2173 1533 2267; baseline -0.003 -23"><span class='ocrx_word' id='word_1_95' title='bbox 558 2176 675 2244; x_wconf 88' lang='lat' dir='ltr'>aulam</span> <span class='ocrx_word' id='word_1_96' title='bbox 689 2174 918 2267; x_wconf 82' lang='lat' dir='ltr'>archipraesul</span> <span class='ocrx_word' id='word_1_97' title='bbox 935 2175 1041 2254; x_wconf 91' lang='lat' dir='ltr'>adiit,</span> <span class='ocrx_word' id='word_1_98' title='bbox 1059 2174 1352 2267; x_wconf 92' lang='lat' dir='ltr'>propositumque</span> <span class='ocrx_word' id='word_1_99' title='bbox 1367 2173 1455 2266; x_wconf 88' lang='lat' dir='ltr'>ipsi,</span> <span class='ocrx_word' id='word_1_100' title='bbox 1476 2195 1533 2241; x_wconf 88' lang='lat' dir='ltr'>sa-</span> 
     </span>
     <span class='ocr_line' id='line_1_20' title="bbox 557 2285 1533 2377; baseline -0.005 -21"><span class='ocrx_word' id='word_1_101' title='bbox 557 2288 734 2357; x_wconf 90' lang='lat' dir='ltr'>cerdotem</span> <span class='ocrx_word' id='word_1_102' title='bbox 755 2287 890 2357; x_wconf 84' lang='lat' dir='ltr'>Heliam</span> <span class='ocrx_word' id='word_1_103' title='bbox 910 2286 1171 2355; x_wconf 84' lang='lat' dir='ltr'>schismaticum</span> <span class='ocrx_word' id='word_1_104' title='bbox 1192 2285 1297 2355; x_wconf 86' lang='lat' dir='ltr'>variis</span> <span class='ocrx_word' id='word_1_105' title='bbox 1310 2285 1533 2377; x_wconf 85' lang='lat' dir='ltr'>despectibus</span> 
     </span>
     <span class='ocr_line' id='line_1_21' title="bbox 557 2398 1533 2491; baseline -0.003 -22"><span class='ocrx_word' id='word_1_106' title='bbox 557 2401 738 2469; x_wconf 86' lang='lat' dir='ltr'>servitium</span> <span class='ocrx_word' id='word_1_107' title='bbox 760 2401 838 2491; x_wconf 87' lang='lat' dir='ltr'>ejus</span> <span class='ocrx_word' id='word_1_108' title='bbox 859 2409 896 2469; x_wconf 94' lang='lat' dir='ltr'>et</span> <span class='ocrx_word' id='word_1_109' title='bbox 914 2401 1049 2470; x_wconf 88' lang='lat' dir='ltr'>clerum</span> <span class='ocrx_word' id='word_1_110' title='bbox 1065 2400 1234 2470; x_wconf 83' lang='lat' dir='ltr'>affecisse.</span> <span class='ocrx_word' id='word_1_111' title='bbox 1253 2404 1384 2481; x_wconf 82' lang='lat' dir='ltr'>Quem,</span> <span class='ocrx_word' id='word_1_112' title='bbox 1404 2406 1444 2467; x_wconf 95' lang='lat' dir='ltr'>ut</span> <span class='ocrx_word' id='word_1_113' title='bbox 1457 2398 1533 2467; x_wconf 88' lang='lat' dir='ltr'>ani-</span> 
     </span>
     <span class='ocr_line' id='line_1_22' title="bbox 557 2507 1533 2588; baseline -0.004 -10"><span class='ocrx_word' id='word_1_114' title='bbox 557 2532 689 2579; x_wconf 87' lang='lat' dir='ltr'>mosam</span> <span class='ocrx_word' id='word_1_115' title='bbox 713 2516 910 2579; x_wconf 79' lang='lat' dir='ltr'>ostentaret</span> <span class='ocrx_word' id='word_1_116' title='bbox 933 2509 1211 2588; x_wconf 82' lang='lat' dir='ltr'>contumaciam,</span> <span class='ocrx_word' id='word_1_117' title='bbox 1236 2509 1352 2578; x_wconf 86' lang='lat' dir='ltr'>aulam</span> <span class='ocrx_word' id='word_1_118' title='bbox 1379 2507 1533 2576; x_wconf 89' lang='lat' dir='ltr'>studiose</span> 
     </span>
     <span class='ocr_line' id='line_1_23' title="bbox 557 2620 1533 2713; baseline -0.003 -24"><span class='ocrx_word' id='word_1_119' title='bbox 557 2622 739 2713; x_wconf 79' lang='lat' dir='ltr'>praeterire</span> <span class='ocrx_word' id='word_1_120' title='bbox 767 2622 901 2702; x_wconf 89' lang='lat' dir='ltr'>solere,</span> <span class='ocrx_word' id='word_1_121' title='bbox 928 2644 992 2691; x_wconf 93' lang='lat' dir='ltr'>nec</span> <span class='ocrx_word' id='word_1_122' title='bbox 1016 2621 1190 2691; x_wconf 92' lang='lat' dir='ltr'>monitum</span> <span class='ocrx_word' id='word_1_123' title='bbox 1213 2620 1397 2690; x_wconf 85' lang='lat' dir='ltr'>desistere.</span> <span class='ocrx_word' id='word_1_124' title='bbox 1426 2620 1533 2711; x_wconf 85' lang='lat' dir='ltr'>Igitur</span> 
     </span>
     <span class='ocr_line' id='line_1_24' title="bbox 556 2733 1534 2823; baseline -0.004 -22"><span class='ocrx_word' id='word_1_125' title='bbox 556 2754 636 2801; x_wconf 93' lang='lat' dir='ltr'>cum</span> <span class='ocrx_word' id='word_1_126' title='bbox 658 2734 779 2803; x_wconf 87' lang='lat' dir='ltr'>eadem</span> <span class='ocrx_word' id='word_1_127' title='bbox 795 2741 915 2813; x_wconf 90' lang='lat' dir='ltr'>nocte,</span> <span class='ocrx_word' id='word_1_128' title='bbox 932 2733 1141 2803; x_wconf 88' lang='lat' dir='ltr'>antelucano</span> <span class='ocrx_word' id='word_1_129' title='bbox 1165 2733 1208 2802; x_wconf 97' lang='lat' dir='ltr'>ad</span> <span class='ocrx_word' id='word_1_130' title='bbox 1225 2752 1437 2823; x_wconf 77' lang='lat' dir='ltr'>synagogam</span> <span class='ocrx_word' id='word_1_131' title='bbox 1461 2752 1534 2823; x_wconf 88' lang='lat' dir='ltr'>per·</span> 
     </span>
     <span class='ocr_line' id='line_1_25' title="bbox 556 2842 1533 2938; baseline -0.004 -26"><span class='ocrx_word' id='word_1_132' title='bbox 556 2853 718 2915; x_wconf 89' lang='lat' dir='ltr'>recturus</span> <span class='ocrx_word' id='word_1_133' title='bbox 731 2852 836 2926; x_wconf 91' lang='lat' dir='ltr'>esset,</span> <span class='ocrx_word' id='word_1_134' title='bbox 855 2845 1063 2938; x_wconf 89' lang='lat' dir='ltr'>capiendum</span> <span class='ocrx_word' id='word_1_135' title='bbox 1077 2866 1175 2924; x_wconf 89' lang='lat' dir='ltr'>eum,</span> <span class='ocrx_word' id='word_1_136' title='bbox 1193 2866 1237 2912; x_wconf 83' lang='lat' dir='ltr'>ex</span> <span class='ocrx_word' id='word_1_137' title='bbox 1252 2842 1399 2912; x_wconf 90' lang='lat' dir='ltr'>consilio</span> <span class='ocrx_word' id='word_1_138' title='bbox 1415 2842 1533 2910; x_wconf 85' lang='lat' dir='ltr'>archi-</span> 
     </span>
     <span class='ocr_line' id='line_1_26' title="bbox 557 2956 1087 3049; baseline 0 -25"><span class='ocrx_word' id='word_1_139' title='bbox 557 2958 714 3038; x_wconf 86' lang='lat' dir='ltr'>diaconi,</span> <span class='ocrx_word' id='word_1_140' title='bbox 732 2960 900 3049; x_wconf 89' lang='lat' dir='ltr'>Josaphat</span> <span class='ocrx_word' id='word_1_141' title='bbox 916 2956 1087 3049; x_wconf 88' lang='lat' dir='ltr'>permisit.</span> 
     </span>
    </p>

    <p class='ocr_par' dir='ltr' id='par_1_6' title="bbox 556 3074 1536 4046">
     <span class='ocr_line' id='line_1_27' title="bbox 600 3074 1535 3169; baseline -0.006 -22"><span class='ocrx_word' id='word_1_142' title='bbox 600 3079 752 3147; x_wconf 86' lang='lat' dir='ltr'>Cadente</span> <span class='ocrx_word' id='word_1_143' title='bbox 765 3098 923 3169; x_wconf 86' lang='lat' dir='ltr'>vespere,</span> <span class='ocrx_word' id='word_1_144' title='bbox 939 3082 1063 3147; x_wconf 91' lang='lat' dir='ltr'>Petrus</span> <span class='ocrx_word' id='word_1_145' title='bbox 1078 3076 1268 3157; x_wconf 80' lang='lat' dir='ltr'>lvanoviez,</span> <span class='ocrx_word' id='word_1_146' title='bbox 1283 3075 1407 3145; x_wconf 88' lang='lat' dir='ltr'>consui</span> <span class='ocrx_word' id='word_1_147' title='bbox 1420 3074 1535 3145; x_wconf 88' lang='lat' dir='ltr'>Viteb-</span> 
     </span>
     <span class='ocr_line' id='line_1_28' title="bbox 556 3184 1534 3279; baseline -0.005 -24"><span class='ocrx_word' id='word_1_148' title='bbox 556 3187 701 3268; x_wconf 89' lang='lat' dir='ltr'>scensis,</span> <span class='ocrx_word' id='word_1_149' title='bbox 717 3188 869 3279; x_wconf 87' lang='lat' dir='ltr'>pastoris</span> <span class='ocrx_word' id='word_1_150' title='bbox 882 3186 1227 3265; x_wconf 87' lang='lat' dir='ltr'>observantissimus,</span> <span class='ocrx_word' id='word_1_151' title='bbox 1246 3206 1326 3254; x_wconf 92' lang='lat' dir='ltr'>eum</span> <span class='ocrx_word' id='word_1_152' title='bbox 1340 3184 1491 3255; x_wconf 83' lang='lat' dir='ltr'>accessit</span> <span class='ocrx_word' id='word_1_153' title='bbox 1503 3190 1534 3253; x_wconf 91' lang='lat' dir='ltr'>et</span> 
     </span>
     <span class='ocr_line' id='line_1_29' title="bbox 556 3294 1536 3390; baseline -0.007 -23"><span class='ocrx_word' id='word_1_154' title='bbox 556 3298 643 3390; x_wconf 90' lang='lat' dir='ltr'>quid</span> <span class='ocrx_word' id='word_1_155' title='bbox 665 3298 881 3368; x_wconf 84' lang='lat' dir='ltr'>schismatici</span> <span class='ocrx_word' id='word_1_156' title='bbox 895 3320 935 3367; x_wconf 89' lang='lat' dir='ltr'>ea</span> <span class='ocrx_word' id='word_1_157' title='bbox 948 3296 1168 3367; x_wconf 88' lang='lat' dir='ltr'>hebdomade</span> <span class='ocrx_word' id='word_1_158' title='bbox 1184 3296 1220 3363; x_wconf 90' lang='lat' dir='ltr'>in</span> <span class='ocrx_word' id='word_1_159' title='bbox 1243 3295 1340 3364; x_wconf 89' lang='lat' dir='ltr'>curia</span> <span class='ocrx_word' id='word_1_160' title='bbox 1355 3294 1452 3363; x_wconf 84' lang='lat' dir='ltr'>ciuili</span> <span class='ocrx_word' id='word_1_161' title='bbox 1473 3300 1536 3363; x_wconf 90' lang='lat' dir='ltr'>sta·</span> 
     </span>
     <span class='ocr_line' id='line_1_30' title="bbox 557 3406 1536 3503; baseline -0.007 -24"><span class='ocrx_word' id='word_1_162' title='bbox 557 3412 729 3491; x_wconf 91' lang='lat' dir='ltr'>tuissent,</span> <span class='ocrx_word' id='word_1_163' title='bbox 746 3410 897 3503; x_wconf 89' lang='lat' dir='ltr'>aperuit.</span> <span class='ocrx_word' id='word_1_164' title='bbox 916 3414 1054 3479; x_wconf 90' lang='lat' dir='ltr'>Factam</span> <span class='ocrx_word' id='word_1_165' title='bbox 1068 3430 1195 3500; x_wconf 87' lang='lat' dir='ltr'>nempe</span> <span class='ocrx_word' id='word_1_166' title='bbox 1215 3406 1440 3475; x_wconf 89' lang='lat' dir='ltr'>infallibilem</span> <span class='ocrx_word' id='word_1_167' title='bbox 1450 3427 1536 3475; x_wconf 91' lang='lat' dir='ltr'>con-</span> 
     </span>
     <span class='ocr_line' id='line_1_31' title="bbox 557 3517 1535 3614; baseline -0.008 -23"><span class='ocrx_word' id='word_1_168' title='bbox 557 3522 805 3614; x_wconf 89' lang='lat' dir='ltr'>spirationem,</span> <span class='ocrx_word' id='word_1_169' title='bbox 835 3528 872 3591; x_wconf 90' lang='lat' dir='ltr'>ut</span> <span class='ocrx_word' id='word_1_170' title='bbox 889 3519 1119 3590; x_wconf 85' lang='lat' dir='ltr'>tumultuarie</span> <span class='ocrx_word' id='word_1_171' title='bbox 1143 3519 1259 3611; x_wconf 91' lang='lat' dir='ltr'>ipsum</span> <span class='ocrx_word' id='word_1_172' title='bbox 1284 3517 1440 3586; x_wconf 90' lang='lat' dir='ltr'>crastina</span> <span class='ocrx_word' id='word_1_173' title='bbox 1463 3517 1535 3585; x_wconf 91' lang='lat' dir='ltr'>luce</span> 
     </span>
     <span class='ocr_line' id='line_1_32' title="bbox 557 3625 1535 3701; baseline -0.008 0"><span class='ocrx_word' id='word_1_174' title='bbox 557 3632 732 3701; x_wconf 92' lang='lat' dir='ltr'>dominica</span> <span class='ocrx_word' id='word_1_175' title='bbox 761 3632 950 3701; x_wconf 89' lang='lat' dir='ltr'>trucident.</span> <span class='ocrx_word' id='word_1_176' title='bbox 985 3635 1120 3701; x_wconf 86' lang='lat' dir='ltr'>Coetum</span> <span class='ocrx_word' id='word_1_177' title='bbox 1155 3628 1292 3698; x_wconf 87' lang='lat' dir='ltr'>consilii</span> <span class='ocrx_word' id='word_1_178' title='bbox 1321 3625 1535 3696; x_wconf 88' lang='lat' dir='ltr'>schismatici</span> 
     </span>
     <span class='ocr_line' id='line_1_33' title="bbox 556 3738 1535 3833; baseline -0.008 -20"><span class='ocrx_word' id='word_1_179' title='bbox 556 3743 699 3813; x_wconf 77' lang='lat' dir='ltr'>ciuitate</span> <span class='ocrx_word' id='word_1_180' title='bbox 733 3742 963 3812; x_wconf 86' lang='lat' dir='ltr'>multifariam</span> <span class='ocrx_word' id='word_1_181' title='bbox 997 3762 1200 3833; x_wconf 84' lang='lat' dir='ltr'>egressum,</span> <span class='ocrx_word' id='word_1_182' title='bbox 1231 3762 1274 3809; x_wconf 91' lang='lat' dir='ltr'>ne</span> <span class='ocrx_word' id='word_1_183' title='bbox 1305 3738 1535 3830; x_wconf 87' lang='lat' dir='ltr'>parricidium</span> 
     </span>
     <span class='ocr_line' id='line_1_34' title="bbox 556 3853 1536 3947; baseline -0.004 -25"><span class='ocrx_word' id='word_1_184' title='bbox 556 3856 593 3923; x_wconf 92' lang='lat' dir='ltr'>in</span> <span class='ocrx_word' id='word_1_185' title='bbox 612 3855 692 3923; x_wconf 88' lang='lat' dir='ltr'>illos</span> <span class='ocrx_word' id='word_1_186' title='bbox 712 3855 931 3947; x_wconf 87' lang='lat' dir='ltr'>prolabatur.</span> <span class='ocrx_word' id='word_1_187' title='bbox 948 3853 1208 3923; x_wconf 88' lang='lat' dir='ltr'>Multitudinem</span> <span class='ocrx_word' id='word_1_188' title='bbox 1229 3853 1357 3931; x_wconf 84' lang='lat' dir='ltr'>feram,</span> <span class='ocrx_word' id='word_1_189' title='bbox 1376 3873 1395 3918; x_wconf 90' lang='lat' dir='ltr'>a</span> <span class='ocrx_word' id='word_1_190' title='bbox 1411 3872 1536 3919; x_wconf 89' lang='lat' dir='ltr'>consu·</span> 
     </span>
     <span class='ocr_line' id='line_1_35' title="bbox 558 3961 1536 4046; baseline -0.009 -11"><span class='ocrx_word' id='word_1_191' title='bbox 558 3966 651 4036; x_wconf 91' lang='lat' dir='ltr'>libus</span> <span class='ocrx_word' id='word_1_192' title='bbox 670 3966 900 4046; x_wconf 89' lang='lat' dir='ltr'>instructam,</span> <span class='ocrx_word' id='word_1_193' title='bbox 918 3973 954 4035; x_wconf 93' lang='lat' dir='ltr'>et</span> <span class='ocrx_word' id='word_1_194' title='bbox 969 3964 1193 4044; x_wconf 89' lang='lat' dir='ltr'>obstrictam,</span> <span class='ocrx_word' id='word_1_195' title='bbox 1217 3969 1257 4031; x_wconf 92' lang='lat' dir='ltr'>ut</span> <span class='ocrx_word' id='word_1_196' title='bbox 1272 3963 1315 4031; x_wconf 93' lang='lat' dir='ltr'>ad</span> <span class='ocrx_word' id='word_1_197' title='bbox 1336 3961 1478 4030; x_wconf 83' lang='lat' dir='ltr'>facinus</span> <span class='ocrx_word' id='word_1_198' title='bbox 1494 3961 1536 4029; x_wconf 91' lang='lat' dir='ltr'>sit</span> 
     </span>
    </p>
   </div>
   <div class='ocr_carea' id='block_1_6' title="bbox 555 4072 1534 4170">
    <p class='ocr_par' dir='ltr' id='par_1_7' title="bbox 555 4072 1534 4170">
     <span class='ocr_line' id='line_1_36' title="bbox 555 4072 1534 4170; baseline -0.01 -22"><span class='ocrx_word' id='word_1_199' title='bbox 555 4078 789 4170; x_wconf 86' lang='lat' dir='ltr'>paratissima.</span> <span class='ocrx_word' id='word_1_200' title='bbox 826 4078 973 4147; x_wconf 80' lang='lat' dir='ltr'>cederet</span> <span class='ocrx_word' id='word_1_201' title='bbox 1008 4076 1155 4168; x_wconf 91' lang='lat' dir='ltr'>proinde</span> <span class='ocrx_word' id='word_1_202' title='bbox 1183 4074 1365 4165; x_wconf 83' lang='lat' dir='ltr'>lymphato</span> <span class='ocrx_word' id='word_1_203' title='bbox 1394 4072 1534 4150; x_wconf 84' lang='lat' dir='ltr'>furori,</span> 
     </span>
    </p>
   </div>
   <div class='ocr_carea' id='block_1_7' title="bbox 0 0 1634 5479">
    <p class='ocr_par' dir='ltr' id='par_1_8' title="bbox 0 0 1634 5479">
     <span class='ocr_line' id='line_1_37' title="bbox 0 0 1634 5479; baseline 0 0"><span class='ocrx_word' id='word_1_204' title='bbox 0 0 1634 5479; x_wconf 95' lang='lat' dir='ltr'> </span> 
     </span>
    </p>
   </div>
  </div>
 </body>
</html>
