3259 5484
948 712 1149 783 -ttu-

562 871 659 935 sionis
672 878 703 932 et
719 868 875 933 vulnerati
891 866 932 931 ab
952 866 1062 931 iisdem
1082 867 1248 951 parricidis
1267 869 1491 945 schismaticis,
1506 882 1538 933 et

561 980 600 1037 m
623 974 726 1047 testis,
752 973 885 1035 honesta
913 980 1077 1045 matrona,
1103 990 1175 1053 quae
1205 974 1397 1037 evestihulo
1425 977 1536 1057 templi

562 1080 595 1141 B.
603 1078 708 1141 llariae
721 1076 810 1150 vidit,
822 1076 952 1159 quando
960 1094 1068 1139 sersus
1078 1076 1132 1139 Dei
1143 1077 1175 1139 in
1187 1094 1292 1139 aream
1303 1080 1397 1141 curiae
1406 1097 1535 1141 suacen-

561 1188 679 1243 tractus
697 1178 922 1252 occidebatur,
937 1186 967 1241 et
982 1180 1016 1241 ll
1032 1178 1118 1241 testis
1133 1186 1220 1241 actor
1233 1178 1401 1261 deputatus
1421 1180 1461 1242 ab
1483 1200 1536 1243 ar-

560 1281 762 1363 chiepiscopo
774 1288 885 1343 contra
900 1279 1115 1343 schismaticos
1132 1286 1262 1342 testatus
1278 1289 1341 1353 est,
1367 1299 1398 1343 se
1413 1282 1535 1355 statim,

561 1383 668 1448 audita
685 1384 764 1445 servi
779 1383 833 1444 Dei
848 1390 959 1457 morte,
976 1381 1098 1443 venisse
1111 1380 1303 1456 Vitebscum
1321 1398 1436 1465 corpus
1458 1402 1537 1465 pro-

561 1487 639 1569 priis
654 1484 802 1547 manibus
813 1485 845 1546 in
859 1482 1003 1546 tumbam
1017 1483 1241 1565 composuisse,
1258 1484 1459 1564 sanguineas
1471 1486 1539 1547 vul-

560 1590 690 1652 neribus
711 1588 817 1651 adhuc
832 1587 1005 1661 defluente,
1026 1584 1174 1667 idemque
1197 1604 1254 1669 par
1273 1587 1391 1649 tlumcn
1413 1587 1538 1649 Dunam

561 1693 721 1755 advexisse
731 1690 907 1763 Polooiam,
925 1696 959 1752 ut
973 1689 1005 1751 in
1018 1688 1158 1751 Pracessu
1171 1689 1264 1751 muta
1277 1690 1375 1751 Testis
1390 1695 1420 1763 Ξ,
1433 1708 1538 1752 sacer·-

559 1797 618 1860 dos
630 1798 795 1870 ruthenus,
807 1795 847 1858 de
858 1794 968 1857 auditu
983 1793 1107 1855 alratre
1122 1812 1179 1857 suo
1193 1812 1355 1873 germane,
1371 1794 1427 1875 qui
1439 1794 1539 1855 inter-

561 1899 620 1962 fuit
651 1898 882 1971 trucidationi‚
912 1904 943 1959 et
965 1896 1151 1959 vulneribus
1180 1898 1263 1979 male
1293 1898 1422 1959 habitus
1452 1896 1537 1971 luit,

561 2002 754 2063 exactissime
773 2007 882 2061 narrat
894 2000 976 2061 hanc
995 1998 1160 2061 historiam
1181 1999 1292 2061 mortis
1310 1999 1538 2079 archiepiscopi

559 2103 732 2185 tosaphati.
752 2102 931 2182 Postquam
947 2101 1158 2163 truculentam
1171 2100 1316 2163 antistitis
1331 2102 1537 2173 occisionem,

561 2206 723 2267 saevientes
734 2202 840 2265 adhuc
855 2204 888 2263 in
902 2203 1046 2264 exanime
1056 2220 1172 2285 corpus
1182 2202 1382 2279 schismatici,
1394 2205 1474 2267 illud
1484 2224 1539 2286 per

562 2325 669 2370 aream
685 2305 800 2368 domus
812 2306 1000 2387 episcopalis
1020 2314 1050 2367 et
1062 2323 1118 2388 per
1130 2305 1287 2368 civitatem
1305 2306 1538 2368 Vitebscensem

561 2416 727 2490 captarunt
738 2404 813 2469 sune
824 2406 956 2485 ligatum
968 2414 999 2469 et
1009 2407 1076 2470 solo
1087 2407 1191 2469 cilicio
1203 2415 1339 2481 tectum,
1357 2408 1539 2487 ignominiis

561 2521 591 2573 et
606 2510 834 2593 proculcationi
850 2510 1007 2589 sacrilegae
1019 2510 1120 2591 plebis
1134 2511 1239 2573 omnis
1258 2530 1349 2573 sexus
1369 2512 1538 2593 omnisque

561 2614 662 2676 aetatis
676 2622 892 2695 exposuerunt
907 2621 938 2675 et
951 2613 1081 2676 demum
1103 2613 1143 2676 ad
1164 2614 1266 2697 ripam
1287 2615 1428 2677 fluminis
1448 2616 1538 2676 Duna
1624 2632 1625 2708 p

561 2732 756 2806 protractum
768 2740 807 2783 ex
822 2721 924 2784 altiori
935 2721 1006 2784 loco
1016 2739 1155 2803 preeceps
1168 2720 1323 2783 dederunt
1335 2768 1343 2799 ,
1357 2729 1388 2783 et
1403 2729 1539 2803 postmo-

561 2826 639 2889 dum
653 2825 820 2888 infeliciter
831 2824 1067 2897 demerserunt,
1082 2823 1137 2886 ubi
1146 2823 1246 2905 jacuit
1260 2842 1316 2906 per
1330 2842 1383 2885 sex
1397 2823 1486 2897 dies,
1506 2831 1538 2884 ut

560 2929 726 3011 deponunt
748 2935 841 2990 testes
865 2932 926 3001 l0,
952 2932 991 2990 83
1011 2935 1042 2989 et
1065 2932 1104 2989 at
1123 2936 1154 2988 et
1171 2945 1280 2989 omnes
1303 2927 1535 2999 Vitehsccnses,

562 3045 656 3117 atque
670 3036 725 3098 alii
747 3035 938 3098 schismatici
953 3035 984 3095 in
999 3033 1197 3107 testimonio,
1214 3033 1300 3095 clara
1316 3040 1347 3094 et
1367 3033 1449 3095 elata
1465 3050 1537 3095 roco

561 3158 656 3221 super
674 3140 736 3201 hoc
750 3139 942 3201 unanimiter
962 3138 1049 3213 dato,
1075 3139 1174 3201 relato
1189 3138 1221 3199 in
1237 3142 1375 3204 Processu
1390 3138 1538 3203 Polocensi
1623 3150 1624 3211 3

563 3244 629 3323 (l'ol.
640 3248 690 3316 76,
700 3248 737 3303 ll
752 3244 839 3323 etltl)
849 3241 946 3323 etipsi
955 3240 1161 3303 commissarii
1172 3240 1334 3322 apostolici
1346 3241 1538 3302 affirmarunt

563 3353 594 3415 in
611 3370 758 3433 processu
772 3349 839 3429 (iol.
853 3351 917 3431 85),
937 3349 1015 3412 dum
1028 3348 1096 3412 loca
1107 3349 1215 3412 omnia
1227 3349 1379 3429 sanguine
1390 3350 1538 3431 losaphat

562 3474 670 3539 sparsa
685 3455 732 3517 rel
755 3454 917 3517 miraculis
931 3454 1039 3527 clara,
1060 3452 1207 3515 crucibus
1222 3454 1272 3515 vel
1292 3453 1361 3514 aliis
1376 3453 1474 3531 signis
1489 3452 1536 3513 di-

562 3559 762 3630 minxerunt,
785 3575 844 3617 nec
862 3573 926 3617 non
945 3554 1111 3636 episcopus
1129 3554 1289 3631 Nolanus,
1314 3562 1390 3616 tunc
1404 3553 1536 3616 Poloniae

564 3655 710 3726 nuntius,
724 3662 755 3715 et
768 3654 1024 3735 archiepiscopus
1038 3652 1300 3733 metropolitanus
1313 3652 1410 3714 totius
1424 3650 1535 3713 Russiae
1622 3676 1623 3737 j

563 3762 713 3816 enarrant
732 3753 764 3813 in
779 3752 891 3813 litteris
914 3768 1013 3831 usque
1027 3749 1067 3812 de
1081 3766 1167 3813 anno
1188 3753 1266 3812 maa
1286 3748 1325 3812 ad
1339 3749 1535 3811 Sanctitatem
1622 3740 1623 3753 *

563 3855 706 3916 Vestram
720 3850 811 3912 datis.
829 3851 927 3924 Quam
949 3848 1221 3911 schismaticorum
1242 3848 1390 3911 saevitiem
1408 3848 1456 3909 vel
1479 3845 1534 3926 ipsi

565 3966 670 4026 hostes
688 3961 927 4043 archiepiscopi,
941 3978 995 4023 seu
1006 3959 1110 4041 potius
1124 3960 1287 4022 catholicae
1301 3958 1386 4033 fidei,
1400 3955 1533 4021 detestati

565 4076 661 4141 suut,
687 4085 723 4129 ac
738 4066 960 4145 ingemuerunt
983 4063 1204 4127 maledicentes
1224 4063 1344 4125 sicariis
1363 4072 1394 4125 et
1411 4060 1534 4140 sangui-

565 4188 638 4230 nem
653 4168 829 4230 innocentis
843 4165 985 4247 praesulis
999 4183 1093 4246 super
1107 4164 1180 4228 illos
1194 4165 1416 4238 inclamantes,
1433 4170 1461 4223 et
1478 4160 1533 4222 de·
1621 4220 1622 4259 ᾗ
