3259 5484
442 726 622 797 ..91-

54 888 169 956 lortius
192 888 389 974 obligatum
426 888 521 957 saxis
554 888 755 980 replentes,
797 885 1019 979 pedibusque

51 1001 211 1089 grandem
241 1000 428 1092 alligantes
452 1001 630 1092 lapidem,
660 1001 696 1068 in
724 1000 800 1069 loco
826 1001 869 1069 ad
896 1000 1018 1091 viginti

52 1109 181 1179 cubitos
197 1110 270 1179 alto
290 1111 503 1181 demersere.
527 1115 595 1180 Nec
620 1112 750 1180 frustra
774 1132 856 1180 eum
877 1111 1015 1191 locum,

53 1218 91 1285 ab
106 1219 209 1288 avitis
221 1220 455 1311 temporibus,
476 1220 573 1312 putei
589 1221 701 1289 sancti
717 1219 857 1291 nomine
871 1220 1015 1299 dictum,

52 1338 85 1398 ut
111 1330 177 1422 ipsi
206 1332 243 1399 in
275 1354 442 1423 processu
471 1338 581 1403 testes
608 1333 709 1401 aiunt
739 1356 746 1401 :
774 1354 855 1401 cum
880 1337 1018 1401 tantum

50 1444 175 1534 ceperit
199 1453 374 1514 sanctum.
402 1451 441 1514 ln
474 1446 588 1538 prima
615 1447 862 1516 commissione
889 1445 1019 1538 juratis

51 1556 231 1644 probatum
243 1557 407 1639 testibus,
420 1558 456 1626 in
470 1580 541 1650 quo
550 1580 679 1650 corpus
690 1559 917 1651 mergebatur
927 1559 1015 1638 loce,

52 1668 161 1738 lumen
177 1670 213 1737 in
229 1692 312 1740 aere
331 1671 564 1762 splenduisse,
592 1672 778 1763 virumque
800 1671 834 1738 in
851 1692 893 1741 eo
905 1690 1019 1739 vene-

50 1784 202 1863 randum,
222 1784 382 1876 quicum
408 1784 540 1854 lumine
566 1785 601 1853 in
617 1786 750 1855 flumen
773 1785 1014 1863 descenderet,

52 1894 166 1963 visum.
181 1900 319 1987 Corpus
327 1896 434 1965 etiam
443 1918 627 1989 emergens
637 1896 751 1966 dictos
760 1896 1019 1965 naviculatores

50 2008 287 2090 abscedentes
308 2010 344 2078 in
364 2033 455 2103 aqua
471 2034 551 2080 cum
573 2010 750 2103 lapidibus
765 2017 927 2080 secutum
946 2033 952 2075 :
971 2008 1019 2076 ila

51 2127 86 2186 ut
97 2122 207 2190 coacti
222 2122 358 2191 fuerint
370 2122 413 2190 ad
429 2122 544 2191 locum
569 2121 696 2201 redire,
715 2122 916 2211 iterumque
931 2119 1018 2188 illud

51 2230 261 2323 demergere.
278 2236 364 2300 Eum
384 2232 518 2300 sanein
531 2233 673 2301 modum
691 2231 853 2323 iniquum
867 2231 1020 2300 schisma

51 2340 88 2407 de
108 2341 298 2411 innocente
326 2342 558 2433 triumphavit
583 2343 797 2434 losaphalo,
830 2348 868 2410 ut
894 2364 1019 2432 parum

51 2452 228 2521 aestimarit
245 2452 281 2520 in
295 2452 403 2521 vitam
419 2453 497 2544 ejus
511 2452 703 2523 crudeliter
717 2453 884 2530 saeviisse,
903 2452 970 2519 nisi
984 2452 1018 2520 in

51 2583 170 2655 corpus
193 2564 327 2643 etiam,
355 2563 447 2632 ultra
473 2586 614 2633 omnem
639 2564 858 2645 barbariem,
885 2565 1020 2634 debac-

51 2676 184 2747 chatum
212 2678 353 2747 luisset.
380 2682 450 2746 Nec
475 2679 561 2746 satis
587 2678 714 2747 habuit
739 2679 832 2749 inter
859 2678 1019 2747 homines

51 2807 123 2854 eum
134 2788 297 2867 desiisse,
316 2788 382 2856 nisi
400 2788 548 2857 cadaver
559 2788 678 2869 etiam,
693 2810 773 2858 cum
785 2789 877 2857 infra
887 2795 1018 2857 terram

51 2904 233 2993 nequiret,
269 2902 360 2970 infra
394 2924 504 2994 aquas
532 2902 767 2973 amandasset.
798 2904 870 2970 Non
903 2899 1019 2992 poluit

51 3017 209 3087 nimirum
225 3019 369 3111 gravius
382 3019 417 3086 in
435 3019 600 3088 unionem
616 3020 794 3112 fidemque
810 3018 1018 3087 catholicam

51 3130 164 3197 testari
186 3130 328 3209 odium,
354 3136 390 3199 et
414 3131 450 3197 in
474 3130 632 3199 divinum
652 3130 889 3223 principatum
907 3150 1020 3198 roma-

50 3259 97 3307 nae
123 3240 291 3311 Ecclesiae
308 3240 478 3331 majorem
497 3242 651 3323 rabiem,
669 3264 775 3333 quam
796 3242 825 3310 si
844 3242 1020 3333 Josapba-

49 3362 138 3435 tum,
158 3356 282 3425 unioni
304 3358 553 3447 promovenda
568 3358 789 3428 insudantem
812 3378 852 3425 ao
867 3359 910 3426 ad
923 3360 957 3425 S.
979 3361 1017 3427 R.

49 3469 205 3539 Eeclesiae
231 3469 442 3560 obsequium
476 3477 634 3539 errantes
661 3472 914 3548 reducentem,
948 3476 1020 3537 tam

49 3580 178 3661 acerba,
197 3580 347 3660 crudeli,
371 3581 492 3650 infami
510 3588 673 3651 enectum
689 3582 830 3662 ferocia,
850 3581 1020 3651 altissimo

48 3687 198 3761 fluminis
212 3694 313 3761 alveo
329 3694 541 3763 funerasset.
563 3698 633 3763 Nec
651 3694 824 3763 dubitavit
839 3693 934 3762 ullus
944 3700 1022 3763 tes-

48 3800 143 3883 tium,
162 3827 267 3873 sacro
279 3826 397 3873 coram
412 3805 591 3884 tribunali,
609 3805 644 3872 in
660 3826 827 3895 processu
841 3803 1020 3873 Poloconsi

50 3935 217 3996 asserere,
235 3917 465 4007 losaphatum
481 3937 544 4007 pro
559 3919 592 3984 S.
609 3919 647 3983 R.
665 3914 830 3992 Ecclesia,
849 3935 913 4005 pro
928 3935 1023 4005 pon-

50 4022 148 4093 tilicis
167 4025 309 4095 romani
327 4025 545 4104 obedientia,
570 4024 744 4115 ejusmodi
764 4022 895 4093 obiisse
909 4024 1017 4092 letho.

49 4139 166 4221 Fuere,
188 4139 252 4232 qui
268 4138 572 4207 schismaticorum
588 4138 624 4206 id
644 4137 814 4229 temporis
830 4138 1023 4207 relerentes

1055 3234 1140 3278 Occisus
1158 3246 1196 3289 pro
1209 3235 1282 3275 sancta

1073 3308 1159 3339 romana
1169 3295 1271 3339 Ecclesia.
