3259 5484
451 715 653 785 -185-

114 875 226 951 Quibus
247 874 379 957 objectis
401 874 586 940 satisfecisse
606 878 786 960 putabant,
821 880 878 962 qui
911 898 1039 945 eausam

85 979 209 1061 martyrii
233 972 433 1042 instruebant
458 997 519 1062 pro
546 981 806 1065 archiepiscopo,
834 982 1041 1067 infrascriptis
1097 986 1104 998 '

83 1083 334 1165 responsionibus.

115 1193 312 1275 Adprimum,
324 1195 409 1257 circa
421 1193 540 1256 factum
548 1196 659 1259 inertis
669 1196 844 1271 dicebatur,
854 1198 953 1260 immo
962 1202 998 1260 ot
1012 1205 1044 1259 et

87 1299 134 1359 t08
145 1304 235 1357 testes
249 1294 427 1357 interfuisse
439 1296 575 1358 Vitebsci
588 1298 738 1361 occisioni
758 1299 996 1381 archiepiscopi,
1012 1306 1044 1361 et

84 1397 156 1478 ipsos
168 1405 261 1459 testes
279 1397 462 1461 vulneratos
473 1398 569 1461 etiam
584 1398 689 1474 fuisse,
705 1410 738 1463 et
753 1405 793 1463 93
818 1400 912 1463 fuisse
927 1401 1044 1483 pariter

83 1507 264 1579 presentem,
287 1508 476 1561 asserentem
489 1500 666 1576 sevidisse,
688 1501 766 1565 dum
781 1504 896 1584 praesui
916 1501 1043 1565 occide-

18 1627 19 1630 ¹
83 1600 174 1675 batur,
193 1602 305 1683 juncta
326 1600 523 1683 depositione
540 1607 559 1665 2
582 1604 668 1666 testis
686 1605 718 1666 iu
738 1606 895 1666 nouissimo
911 1624 1044 1687 processu

83 1705 163 1780 urbis,
186 1706 381 1767 testificantis
404 1705 444 1767 de
469 1706 614 1769 auditua
637 1705 752 1783 fratre,
777 1708 832 1789 qui
853 1707 994 1771 interfuit
1014 1716 1045 1769 et

82 1826 174 1869 eomes
185 1808 245 1875 fuit
256 1807 413 1889 passionis
427 1808 666 1890 archiepiscopi,
683 1828 815 1872 necnon
828 1802 957 1892 publica
970 1827 1046 1873 voce

83 1909 207 1983 etfama,
228 1910 386 1991 supplicio
404 1908 531 1992 publice
549 1918 677 1993 sumpto
696 1910 736 1973 de
760 1910 924 1993 parricidis
944 1911 1045 1973 schis-

83 2014 199 2087 maticis,
223 2012 422 2075 attestatione
446 2013 529 2093 regis
549 2013 686 2076 Poioniae
704 2014 904 2095 aliorumque
924 2013 1046 2095 princi-

83 2134 148 2195 pum
170 2116 202 2178 in
221 2115 363 2197 epistolis
381 2113 464 2177 datis
486 2114 526 2176 ad
548 2113 752 2177 sanctitatem
766 2115 920 2188 Vestram,
932 2122 963 2176 et
977 2114 1047 2177 aliis

83 2213 216 2293 pluribus
249 2212 453 2292 argumentis,
477 2213 596 2294 quibus
617 2232 636 2275 a
658 2231 761 2275 causae
784 2212 927 2294 patronis
949 2230 1046 2293 supra

86 2312 296 2376 adstruebatur
319 2313 433 2375 veritas
454 2313 544 2375 istius
567 2313 639 2377 facti
660 2314 676 2395 S
699 2314 803 2394 Ipitur
827 2314 862 2375 de
883 2315 1045 2396 martyrem

83 2418 187 2497 quibus
205 2418 351 2481 additum
373 2417 444 2493 fuit,
468 2422 508 2483 83
526 2427 637 2481 testem
659 2417 755 2482 fuisse
775 2431 971 2505 praesentem,
991 2421 1048 2502 qui

84 2518 120 2579 ait
126 2520 263 2583 occisum
275 2519 382 2595 fuisse,
388 2520 458 2601 ipso
472 2527 548 2583 teste
562 2520 769 2582 eminentiore
778 2520 851 2583 ioco
863 2520 1049 2600 tragoediam

86 2618 269 2697 (suntrerba
283 2622 381 2703 testis)
398 2631 576 2704 spectante,
597 2631 630 2684 et
648 2622 840 2686 couscientia
857 2623 962 2704 ipsum
981 2630 1048 2685 tor-

84 2735 198 2805 quente,
219 2725 368 2807 quamvis
385 2734 466 2787 esset
484 2726 649 2789 calvinista
655 2746 664 2801 ;
684 2734 716 2788 et
736 2733 845 2787 testem
865 2730 915 2800 85,
933 2727 1051 2807 pariter

85 2828 279 2907 hereticum,
303 2832 359 2913 qui
387 2830 466 2895 vidit
490 2832 705 2894 schismaticos
725 2832 884 2913 impetum
903 2830 1051 2894 facientes

85 2952 133 3013 pro
143 2934 316 2999 occidendo
329 2936 587 3019 archiepiscopo,
608 2934 763 2998 etdeinde
777 2936 881 3017 ipsum
900 2935 1049 2998 occisum.

85 3035 192 3109 Quibus
209 3047 364 3102 consonat
378 3040 475 3102 etiam
490 3040 576 3101 testis
592 3043 632 3101 80
645 3038 780 3120 judeus,
796 3039 852 3120 qui
871 3037 1001 3121 deponit
1019 3056 1052 3100 se

84 3155 147 3201 cum
169 3141 239 3203 aliis
258 3142 390 3221 iudaeis,
419 3142 499 3205 dum
529 3142 611 3204 servi
634 3141 687 3203 Dei
709 3140 789 3204 vidit
809 3142 1052 3221 ignominiosam

85 3251 218 3318 mortem,
248 3245 380 3306 summis
408 3252 610 3327 prosecutum
632 3242 729 3307 fuisse
751 3244 909 3325 iacrymis,
928 3253 959 3307 et
978 3263 1052 3306 cum

85 3344 282 3409 schismaticis
293 3348 512 3429 exprobrasset
522 3347 697 3409 innocentis
709 3355 853 3421 mortem,
866 3365 1052 3429 responsum

85 3444 179 3524 fuisse,
195 3458 232 3511 ut
245 3450 361 3523 sileret,
378 3469 418 3511 ne
436 3458 467 3512 et
480 3450 540 3511 sibi
557 3449 632 3511 maii
653 3449 774 3529 aliquid
794 3450 893 3511 fieret.
912 3448 1000 3511 Unde
1015 3467 1052 3510 ex
1077 3519 1079 3523 .

86 3548 129 3610 bis
147 3551 332 3615 testimoniis
353 3552 436 3613 cirea
458 3550 576 3613 factum
597 3550 763 3613 occisionis
780 3542 946 3630 exsurgere
959 3550 1053 3612 etiam

86 3655 318 3733 adminiculum,
343 3660 541 3721 asserebatur
563 3658 604 3719 cd
618 3659 641 3720 l.
657 3659 715 3734 Qui
739 3658 854 3727 ultimo,
877 3656 908 3719 ff.
926 3658 960 3719 de
973 3678 1052 3739 poen.

86 3758 194 3824 dfarsil.
207 3764 239 3823 in
252 3763 274 3823 I.
289 3762 458 3843 1‚§otvos,
474 3760 577 3823 ficod.
592 3760 888 3842 Cepba1.cons.287,
904 3778 985 3819 cum.
1002 3759 1052 3834 31,
1138 3750 1139 3753 ¹

85 3883 143 3944 quo
152 3876 257 3929 tamen
268 3866 463 3929 adminicuto
473 3884 531 3927 uec
545 3883 627 3947 opus
639 3882 715 3938 esse,
732 3863 888 3925 stantibus
899 3863 1056 3926 aliistesti·

86 3966 140 4030 bus
151 3989 244 4052 supra
256 3970 426 4044 recensitis,
437 3987 576 4051 quorum
593 3966 712 4030 nedum
723 3966 798 4041 duo,
811 3966 865 4028 sed
879 3984 962 4029 unus
972 3965 1055 4027 duu-

86 4077 165 4133 tamt
173 4071 213 4134 de
221 4081 303 4135 certa
318 4073 436 4134 scienta
447 4091 521 4134 cum
534 4072 604 4133 aliis
614 4069 741 4133 duobus
751 4070 791 4132 de
801 4069 929 4151 publiea
941 4088 1015 4132 voce
1025 4078 1056 4131 et

86 4170 165 4235 fama
178 4176 363 4248 sufficereut,
378 4181 414 4236 ut
427 4192 523 4255 supra
531 4172 761 4246 deducebatur,
779 4171 865 4234 dicto
878 4170 893 4252 ἓ
908 4173 1007 4253 ipiter
1020 4172 1056 4234 de
