3259 5484
1023 694 1202 767 -62-

627 854 836 947 spostolicae
859 876 1013 926 rumanae
1026 858 1226 949 professus,
1245 864 1365 928 utrum
1378 859 1445 952 ipsi
1462 860 1577 939 forent,
1613 838 1614 849 ἵ

625 973 688 1033 aut
703 965 835 1036 vellent
853 988 931 1037 esse
947 966 1056 1049 tales,
1079 968 1274 1060 inquisivit.
1291 970 1342 1041 Ad
1363 992 1443 1062 quae
1467 970 1580 1039 clamor

626 1078 750 1170 ingens
761 1087 908 1151 exortus
924 1102 1060 1173 :neque
1075 1104 1174 1163 esse,
1192 1104 1309 1175 neque
1324 1083 1398 1153 lore
1414 1104 1454 1151 se
1466 1081 1577 1152 unitos.

624 1191 676 1261 nd
688 1193 759 1261 vim
774 1192 883 1285 igitur
898 1194 1042 1275 intenti,
1067 1195 1272 1265 vociferari:
1289 1197 1482 1281 tuoeidctur,
1498 1196 1579 1265 truo-

626 1308 720 1376 dotur
733 1309 900 1397 impostor,
919 1317 1088 1397 veterator,
1101 1309 1578 1401 fidrioppreseor,d1mzoehoot,

623 1421 949 1509 ruptorouimorum.
965 1424 1112 1513 lamque
1122 1421 1303 1491 effraenata
1312 1420 1516 1500 multitudo,
1531 1416 1579 1487 uiri

625 1530 850 1624 leminaeque,
867 1531 1004 1625 gladiis,
1021 1533 1156 1614 cultris,
1175 1533 1340 1615 fustibus,
1358 1533 1579 1625 lapidibusar·

626 1650 743 1724 mata,
767 1643 901 1713 curiam
924 1644 1071 1715 irruere.
1095 1644 1274 1715 Palatinus
1298 1650 1469 1715 loannem
1494 1642 1579 1714 'lerti-

626 1753 775 1835 kovski,
812 1758 955 1825 Petrum
994 1754 1112 1825 Basilii
1148 1756 1395 1848 proconsules,
1430 1755 1580 1825 Basiliam

625 1864 715 1933 Petri
732 1864 857 1946 civem,
876 1866 1052 1936 tumultus
1067 1867 1266 1959 principes,
1284 1868 1440 1959 graviter
1454 1867 1581 1958 increpi-

626 1983 731 2045 tare:
755 1985 792 2047 et
815 1976 885 2046 nisi
907 1978 1093 2059 sedarent,
1119 1978 1273 2071 primum
1296 1980 1393 2072 ipsus
1422 1980 1580 2072 perituros
1613 1994 1614 2043 5

625 2086 781 2157 minitari
795 2088 869 2158 :his
879 2089 982 2159 dietis
996 2090 1270 2161 Terlikovseium
1284 2090 1442 2182 scipione
1453 2092 1578 2166 ferrato,
1613 2106 1614 2119 ¹

625 2219 696 2289 quo
708 2199 901 2281 nitebatur,
927 2202 1088 2294 aggredi,
1110 2202 1145 2270 ni
1163 2209 1301 2272 retenta
1320 2202 1468 2294 palatini
1491 2222 1578 2270 manu

625 2311 780 2381 medium
806 2334 844 2383 se
866 2313 1008 2382 duobus
1029 2313 1208 2385 intulisset
1230 2315 1409 2407 losephat,
1428 2320 1465 2384 et
1488 2314 1579 2383 ictum

507 2436 511 2441 ’
625 2422 902 2514 praepedivisset.
942 2425 1197 2516 Tyszkievieius
1228 2426 1348 2495 itidem
1385 2425 1573 2517 vicejudex,

624 2535 669 2603 ad
688 2535 851 2605 eumdem
882 2537 1037 2606 fistulam
1065 2536 1170 2629 globo
1201 2547 1382 2609 oneratam
1418 2536 1577 2627 dirigere,

624 2643 809 2736 inquiens:
826 2646 992 2738 quoniam
1016 2647 1091 2740 ipse
1106 2646 1366 2739 perditissimus
1386 2649 1494 2716 homo
1517 2646 1578 2736 ejus

626 2766 742 2828 motus
762 2770 879 2831 motor
907 2768 1022 2842 esset,
1048 2784 1173 2831 manus
1197 2783 1277 2831 eum
1305 2783 1387 2831 suas
1423 2782 1494 2830 non
1520 2780 1580 2829 era·

624 2891 747 2939 surum
763 2893 772 2939 :
786 2871 831 2941 de
850 2873 1002 2962 praesule
1031 2880 1150 2942 autem
1175 2894 1214 2941 ac
1236 2894 1273 2943 se
1288 2871 1375 2963 ipsis
1392 2871 1580 2963 disponeret
1612 2954 1613 2969 ξ

624 2986 730 3053 Deus.
747 2987 835 3053 Tum
855 2984 914 3053 alii
928 2984 1016 3055 alios
1033 2984 1272 3077 emagistratu
1288 2982 1457 3053 involare.
1476 2987 1580 3051 Exter·
1612 2984 1613 3061 ἴ

625 3094 684 3163 riti
697 3095 858 3187 preinde,
877 3102 1000 3166 contra
1013 3096 1153 3188 plebem
1169 3096 1371 3175 inclamare,
1389 3101 1426 3164 et
1437 3116 1483 3164 ne
1498 3092 1581 3185 quid·
1612 3080 1613 3095 ἶ

624 3230 731 3300 quom
748 3214 975 3289 attentarent,
991 3230 1154 3289 exorare,
1170 3207 1351 3287 obtestari,
1367 3228 1467 3275 suam
1481 3205 1580 3298 primo

625 3320 883 3412 consulumque
896 3321 1016 3402 vitam,
1033 3342 1138 3412 quam
1153 3319 1261 3389 ullius
1275 3318 1311 3387 in
1323 3318 1527 3387 discrimine
1541 3336 1581 3408 po

625 3431 747 3514 silam;
762 3452 878 3523 neque
892 3431 971 3500 illos
982 3431 1157 3501 immunes
1172 3432 1329 3510 futuros,
1349 3428 1410 3497 uhi
1420 3428 1457 3495 in
1474 3427 1579 3503 curia,

625 3541 1582 3635 etcivitateregali,legurnsecuritateobvallata,facinus

357 3695 458 3740 &mm
474 3710 487 3739 ,
508 3696 597 3741 mmm„
623 3655 768 3747 aliquod
782 3661 996 3748 patraretur.
1009 3656 1074 3726 Vix
1084 3656 1225 3725 landem
1234 3655 1469 3725 fremebunda
1478 3653 1582 3722 subse

417 3760 535 3803 ⁶⁰³¹⁸¹¹³²
624 3766 677 3835 dit
697 3766 836 3836 seditio.
856 3772 897 3835 Et
926 3766 1103 3858 palatinus
1126 3788 1206 3836 cum
1232 3765 1424 3857 vicejudice
1447 3765 1581 3853 aliisque
1611 3858 1612 3863 Ἰ

624 3876 805 3945 catholicis
815 3877 996 3968 unitisque
1009 3877 1164 3948 medium
1176 3877 1363 3969 praesulem
1379 3874 1581 3949 habentese
1611 3902 1612 3905 ¹

623 3988 741 4057 medio
761 3987 973 4058 incolumem
989 3990 1142 4059 eduxere
1158 3989 1330 4058 incendio.
1345 3991 1582 4059 Verumtamen

623 4098 821 4169 belluinum
839 4100 967 4191 vulgus
987 4102 1239 4173 vicenotarium
1261 4106 1479 4180 terrestrem,
1497 4105 1583 4169 toan·
