3259 5484
320 1752 407 1798 umaro
415 1765 492 1797 erma
498 1766 564 1797 ucen-

346 1818 398 1870 pnnt
407 1814 537 1859 Vitobscum.

989 696 1168 766 -92-

590 860 697 929 verba
711 860 935 952 protulerint,
948 860 1164 953 pontificiam
1174 860 1518 952 latinamquefidem,
1530 866 1563 927 et

590 970 827 1041 obedientiam
858 970 1034 1063 pontificis
1065 971 1223 1051 romani,
1258 970 1428 1041 occidisse
1461 974 1561 1039 losa-

589 1084 750 1175 phatum.
772 1086 814 1152 Et
833 1082 890 1151 hic
910 1083 1052 1175 quidem
1073 1082 1230 1151 omnium
1250 1081 1504 1151 catholicorum
1528 1087 1560 1148 et

590 1195 744 1264 hostium
760 1204 816 1264 est
835 1194 974 1287 fuitque
990 1216 1126 1274 sensus,
1150 1203 1186 1263 et
1202 1194 1315 1264 fidelis
1338 1193 1557 1262 contestatio.

590 1307 753 1390 Quinimo
779 1306 963 1399 parricidae
979 1307 1101 1376 ultima
1116 1308 1319 1399 spirationis
1332 1328 1404 1377 suae
1418 1306 1561 1398 periodo

591 1412 758 1503 professi,
780 1413 1008 1504 losapbatum
1030 1434 1094 1505 pro
1116 1434 1282 1505 suprema
1302 1413 1394 1482 Petri
1414 1412 1563 1504 ejusque

591 1546 835 1595 suceessorum
859 1525 1091 1616 amplitudine
1113 1525 1265 1595 hostiam
1284 1530 1372 1604 Deo,
1396 1530 1502 1595 Petro
1526 1546 1564 1592 ae

593 1636 751 1729 pontifici
772 1658 917 1705 romano
934 1636 1114 1705 cecidisse.

648 1752 690 1816 m
727 1770 809 1817 vero
854 1754 924 1815 tam
969 1754 1123 1817 atrocem
1161 1748 1384 1828 barbariem,
1433 1747 1565 1816 coelum

591 1882 728 1930 summe
766 1861 920 1930 doluisse
958 1862 1095 1942 visum,
1129 1884 1208 1931 cum
1244 1863 1347 1932 solito
1381 1862 1565 1931 tetriorem

590 1972 824 2065 aegyptiaque
854 1973 1087 2065 persimilem,
1113 1974 1259 2066 insuper
1284 1975 1465 2044 humidam
1502 1976 1566 2043 toti

590 2090 755 2161 Vitebsco
767 2097 804 2160 et
825 2090 994 2182 proximis
1015 2092 1099 2161 locis
1114 2092 1301 2161 infudisset
1316 2091 1509 2161 nebulam:
1531 2098 1566 2161 ut

591 2204 683 2272 alins
696 2203 802 2273 alium
819 2227 887 2275 non
901 2206 1003 2275 facile
1023 2206 1184 2276 cominus
1204 2206 1431 2276 discerneret.
1448 2205 1568 2273 Nimi-

589 2339 668 2387 rum
684 2327 765 2410 post
788 2319 974 2410 praesulem
993 2319 1027 2386 in
1044 2318 1146 2412 aquis
1162 2319 1385 2398 funeratum,
1401 2339 1446 2385 ex
1472 2339 1569 2409 aqua

590 2427 777 2520 lugubrem
800 2428 950 2499 confecit
972 2433 1064 2499 Deus
1083 2429 1268 2522 parricidis
1290 2434 1567 2499 ornamentum:

592 2544 633 2607 ut
644 2539 699 2608 vel
713 2560 754 2607 eo
765 2539 844 2631 ipso
858 2539 990 2631 largius
1003 2540 1155 2609 deflendi
1166 2548 1394 2611 monerentur
1406 2541 1568 2610 sceleris.

635 2652 763 2719 Eadem
784 2650 860 2731 die,
884 2650 912 2718 si
934 2650 1030 2730 dies,
1050 2656 1084 2720 et
1099 2672 1169 2719 non
1187 2651 1307 2721 feralis
1327 2672 1396 2719 nox
1416 2650 1572 2721 dicenda

591 2764 657 2843 sit,
683 2784 762 2832 cum
787 2762 966 2831 silentium
992 2765 1101 2831 altum
1130 2769 1210 2853 post
1235 2763 1374 2831 sedatos
1399 2772 1573 2852 ageretur
1622 2836 1623 2847 ἢ

591 2874 785 2953 tumultus,
810 2872 926 2942 nubes
948 2873 1072 2964 spissis
1091 2896 1198 2965 supra
1212 2873 1414 2943 Vitebscnm
1437 2873 1572 2943 inbor-

592 2992 770 3053 rescerent
796 2982 975 3063 tenebris,
999 2990 1035 3052 et
1056 2983 1169 3051 tristis
1186 3004 1347 3053 vesanam
1373 2983 1572 3074 parricida-

589 3115 667 3163 rum
687 3093 846 3162 laetitiam
861 3093 1039 3161 obruisset
1061 3114 1185 3185 angor,
1204 3100 1478 3185 vesperascente
1497 3097 1570 3173 die,

502 3192 505 3197 ’
589 3209 739 3274 loannes
763 3203 948 3273 Uzeniecki
976 3203 1241 3296 vicepalatinuS,
1280 3203 1468 3295 Philippus
1503 3207 1573 3275 Osi·

590 3316 726 3409 povski‚
736 3316 848 3406 judex
863 3314 1053 3384 castrensis
1065 3313 1320 3394 Vitebscencis,
1337 3313 1440 3383 ambo
1459 3316 1574 3385 haere·

590 3427 670 3507 tici,
689 3424 889 3518 frequentia
904 3425 1080 3494 variorum
1092 3424 1213 3516 stipati
1228 3424 1431 3504 hominum,
1450 3428 1573 3496 aulam
1620 3480 1621 3497 .

590 3536 757 3630 ingressi,
776 3536 869 3606 foede
886 3536 1003 3605 omnia
1018 3536 1173 3605 desolata
1187 3558 1415 3628 conspexere.

634 3658 685 3727 Ad
703 3656 886 3726 ecclesiam
903 3656 1081 3749 progressi
1097 3656 1263 3727 invenere
1284 3657 1467 3726 occlusam
1488 3661 1574 3729 inte-

590 3768 683 3837 riore
707 3767 830 3835 cistam
851 3788 947 3846 sera,
973 3788 1079 3857 quam
1104 3766 1218 3835 sicarii
1254 3789 1344 3837 caeso
1366 3769 1574 3864 archiepis-

591 3900 695 3971 cop0,
722 3878 849 3971 partim
878 3879 965 3947 clavi
988 3879 1151 3971 propria,
1182 3880 1309 3971 partim
1335 3880 1570 3961 adulterina,

591 3991 775 4061 securibus
799 3990 939 4058 demum
957 3988 1365 4081 aliisqncinstrnmentis
1381 3991 1573 4063 recludere
1618 4020 1619 4065 l

590 4102 679 4182 nisi,
695 4122 761 4171 nec
781 4106 941 4192 potuere.
965 4105 1006 4169 Et
1030 4100 1113 4193 quia
1134 4100 1251 4170 dictus
1270 4100 1511 4193 magistratus
1529 4126 1575 4173 re
