3259 5484
452 682 630 754 ..89-

55 843 267 934 spoliatum,
291 841 405 912 cilicio
417 848 571 921 tectum,
589 840 801 933 cinguloque
817 838 902 908 setis
919 860 1028 931 uspe-

53 955 98 1023 ris
133 977 174 1023 ac
202 955 431 1025 ferramentis
463 955 656 1023 intertexto
696 951 951 1044 praecinctum,
990 952 1026 1021 in

53 1095 152 1163 capsa
178 1080 346 1142 sutannae
369 1073 544 1165 flagellum
576 1094 638 1141 seu
667 1069 889 1161 disciplinam
919 1090 1027 1161 repe-

53 1182 179 1253 rientes
211 1206 220 1252 :
261 1184 465 1276 pontificem
498 1207 543 1254 an
578 1183 775 1276 simplicem
816 1182 1027 1253 trucidarint

52 1295 286 1374 monachum,
316 1295 503 1387 stupefacti
530 1297 691 1365 haerent:
720 1317 790 1364 non
815 1294 924 1365 fuisse
948 1316 1025 1365 eam

51 1406 227 1497 Jcsaphati
249 1407 438 1487 virtutem,
461 1407 628 1476 mullibus
649 1413 846 1487 assuetam,
870 1413 909 1476 ut
926 1406 1027 1497 ejus-

52 1518 140 1585 modi
155 1525 323 1587 uteretur
333 1518 451 1599 armis,
466 1518 682 1589 dictitantes.
699 1517 904 1610 Gregorium
919 1516 1027 1609 igitur

52 1631 202 1711 Uszacki,
221 1629 433 1700 uulneribus
448 1641 502 1699 sat
507 1632 581 1722 jam
595 1637 790 1722 gravatum,
807 1636 845 1700 et
857 1634 1026 1700 loannem
1054 1658 1246 1713 nee-wama
1257 1656 1299 1702 a·

51 1742 237 1823 reclinus,
256 1743 690 1823 canaeuzenrammum
708 1742 924 1812 existimus
940 1764 1028 1834 pro-
1143 1720 1218 1763 Μ·

52 1863 200 1936 tractos,
219 1856 305 1947 quis
320 1863 414 1925 esset
434 1856 638 1949 inquirunt,
657 1857 866 1926 verberibus
890 1856 1027 1927 iteratis

53 1966 148 2033 lateri
164 1967 329 2058 adigunt.
347 1969 413 2037 Sed
428 1969 560 2036 frustra
573 1967 696 2059 pietati
710 1970 877 2060 Josaphal
893 1967 1027 2037 cbslrc·

53 2077 207 2166 puerint‚
230 2098 315 2146 cum
337 2077 425 2147 mori
440 2079 566 2169 polius⁴
578 2078 667 2170 ipsi,
694 2100 800 2171 quam
828 2100 898 2147 nun
923 2082 1053 2147 Josa-·

52 2189 194 2277 phatum
211 2188 335 2268 lateri,
353 2190 466 2282 parati
485 2197 616 2259 essent.
633 2190 763 2259 ludaeis
779 2190 885 2259 etiam
902 2211 1027 2282 appro-

53 2296 215 2368 bantibus
237 2299 341 2369 illum
364 2300 481 2392 ipsum
505 2322 601 2380 esse,
626 2300 655 2368 si
680 2300 833 2370 cilicium
855 2299 1022 2379 haberet,

52 2408 178 2501 quippe
203 2409 271 2502 qui
295 2432 476 2502 nunquam
499 2416 677 2503 portasset
694 2409 887 2479 indusium.

92 2520 175 2589 Laeti
192 2520 515 2613 proindevictcria,
536 2521 638 2613 quasi
651 2521 800 2611 sepultae
812 2520 1027 2590 insultarent
1067 2554 1172 2598 iurum
1186 2554 1283 2597 narmi.

54 2632 180 2714 unicui,
194 2635 557 2726 superccrporetanti
567 2635 732 2726 martyris
741 2635 848 2713 nude,
860 2633 919 2701 alii
929 2634 1026 2703 sede·

54 2770 87 2815 re
98 2754 345 2842 elperpctare,
354 2748 413 2817 alii
425 2750 553 2819 saltare
566 2756 602 2818 ct
614 2750 798 2841 despuere,
808 2746 866 2815 alii
878 2746 1024 2816 barbam

54 2862 303 2953 cesariemque
322 2862 504 2943 vellicare,
532 2862 590 2931 alii
606 2883 650 2931 ex
674 2861 813 2931 feritate
836 2868 873 2931 et
891 2859 1025 2929 saevitia

52 2970 202 3041 fustibus
218 2972 375 3064 pulsare.
403 2974 556 3042 Feminae
582 2972 709 3051 etiam,
738 2979 775 3041 et
802 2971 956 3049 vetulae,
989 2974 1025 3038 et

54 3082 172 3170 pueri,
199 3105 274 3152 nen
298 3083 500 3176 disparibus
527 3092 663 3154 certare
692 3074 861 3175 nequitiis
885 3104 893 3150 :
917 3102 1025 3172 super

53 3193 171 3262 l'aciem
196 3196 389 3288 sacrilegas
414 3197 730 3267 calceamentorum
757 3196 871 3265 soleas
895 3192 1025 3287 impri-

55 3325 170 3385 mere,
203 3312 244 3375 et
274 3307 447 3399 quidquid
478 3308 659 3400 ingeniosa
697 3309 862 3377 suaderet
890 3306 1023 3376 malitia

53 3415 244 3487 effundere·
277 3421 351 3485 Non
381 3419 494 3509 pudcr
525 3418 608 3498 ulli,
640 3440 709 3488 nun
735 3420 1023 3488 honestaszcum

51 3526 150 3594 etiam
163 3529 344 3621 impudica
360 3537 495 3599 naturae
510 3538 545 3599 et
562 3532 688 3622 pudori
703 3531 874 3599 inferrent
888 3550 1024 3622 oppro-

51 3634 133 3707 bria.
152 3644 196 3709 At
220 3662 306 3710 veru
325 3642 454 3711 caelum
469 3664 540 3710 non
555 3642 661 3712 desiit
675 3665 695 3710 a
709 3642 783 3712 suis
799 3641 836 3709 in
856 3642 1024 3732 lusaphat

51 3747 228 3821 favoribus
254 3775 261 3820 :
285 3774 365 3821 cum
395 3754 431 3820 hi
460 3754 566 3834 talia,
602 3754 690 3823 illud
721 3755 874 3845 desuper
903 3754 1023 3822 lumen
1108 3779 1237 3834 ramnum.

53 3860 224 3934 demisit:
251 3865 384 3935 velaret
412 3867 638 3947 nuditatem,
667 3889 711 3935 an
741 3875 780 3937 ut
805 3866 953 3935 clariora
986 3864 1022 3934 in

52 3978 206 4048 nuditate
236 3979 400 4049 redderet
435 3981 600 4050 ludibria.
640 3982 728 4064 Quin
767 3962 874 4051 etiam
909 3979 1022 4049 cilicio
1049 4008 1294 4081 reruruunuaum-

51 4089 189 4177 penitus
203 4091 390 4172 nudatum,
416 4095 459 4164 ad
472 4096 582 4187 pedes
594 4093 740 4163 funibus
754 4093 942 4187 applicitis,
958 4114 1022 4185 per
1139 4072 1204 4115 Μ’
