3259 5484
961 684 1163 753 -fbb-

575 860 665 906 servo
677 843 730 905 Dei
744 844 839 907 etiarn
852 844 1001 909 defuncto
1014 846 1117 909 adhuc
1130 848 1233 908 rivere
1245 847 1348 908 zelum
1358 846 1473 908 domus
1484 846 1539 917 Dei,

573 954 710 1028 utquam
717 948 808 1009 rivus
814 946 924 1013 oderat
932 948 1174 1029 malignantium
1189 950 1409 1012 fraereticorum
1419 957 1539 1017 coetum,

571 1052 666 1115 etiam
679 1060 823 1116 mortuus
836 1072 853 1115 a
867 1054 1093 1117 communione
1103 1054 1211 1116 calicis
1223 1062 1343 1115 arceret
1356 1075 1364 1125 ;
1379 1052 1466 1134 quod
1477 1062 1541 1114 tunc

571 1156 691 1219 dictum
716 1156 811 1219 fuisse
845 1156 885 1219 ab
912 1158 1070 1239 aliquibus
1107 1156 1349 1220 ferventioribus
1383 1156 1539 1227 fidelibus,

572 1258 659 1321 addit
672 1259 758 1320 testis
773 1263 826 1333 rt,
844 1260 875 1321 in
892 1261 954 1321 fine
966 1259 1182 1341 depositionis,

611 1362 703 1425 &nter
717 1361 858 1435 demum,
876 1362 960 1444 quod
976 1369 1150 1426 maximum
1164 1373 1211 1426 est
1224 1364 1289 1425 veri
1306 1364 1449 1444 martyrii
1466 1382 1541 1441 argu

572 1474 726 1540 mentum,
742 1485 827 1529 mors
841 1469 987 1530 antistitis
1001 1469 1175 1531 multorum
1188 1468 1410 1529 lraereticorum
1422 1486 1541 1531 conver-

509 1620 516 1633 .
567 1568 692 1629 sionem
707 1567 745 1629 ad
760 1567 854 1630 fidem
870 1578 998 1651 operata
1013 1568 1072 1630 fuit
1086 1619 1092 1641 ‚
1108 1568 1238 1649 ejusque
1258 1569 1387 1647 sanguis
1408 1568 1542 1629 inimicas

569 1686 698 1751 quoque
718 1687 792 1731 suos
807 1670 962 1734 conuertit
984 1669 1022 1732 ad
1046 1689 1155 1751 pacem
1169 1720 1175 1741 ‚
1191 1678 1226 1732 ut
1244 1687 1307 1730 non
1321 1668 1481 1731 dividatur
1495 1676 1542 1728 aut

570 1773 885 1835 solvaturvinculum
897 1773 1069 1844 charitatis,
1079 1781 1113 1834 ut
1124 1772 1259 1833 habetur
1273 1772 1411 1832 Procerb.
1426 1792 1487 1853 cap.
1499 1774 1539 1830 fb.

570 1879 650 1938 Nam
669 1875 710 1938 de
730 1876 939 1938 schismaticis
963 1876 1038 1957 ipsis
1072 1874 1349 1958 persecutoribus,
1376 1873 1462 1955 quod
1487 1872 1542 1933 fere

566 1998 680 2042 omnes
690 1980 858 2042 scelestum
872 1979 994 2041 facinus
1012 1978 1172 2049 detestati,
1190 1986 1220 2039 et
1235 1977 1413 2039 innocentis
1429 1977 1542 2040 cruoris

568 2082 755 2145 effusionem
781 2082 908 2164 publice
924 2082 1141 2164 deplorantes,
1163 2080 1202 2143 ad
1222 2081 1367 2143 Ecclesiae
1387 2081 1542 2143 catholice

569 2184 724 2247 unitatem
750 2185 887 2247 revocati
915 2184 1052 2256 fuerint,
1086 2182 1252 2265 deponunt
1279 2193 1371 2245 testes
1395 2189 1433 2245 to
1458 2182 1541 2262 (sub-

566 2284 656 2357 dens
673 2293 746 2347 ante
760 2295 896 2347 mortem
909 2285 1070 2366 praesentis
1084 2284 1200 2346 multos
1213 2283 1308 2345 fuisse
1319 2284 1539 2355 schismaticos,

564 2395 599 2452 ct
617 2386 673 2449 illo
700 2388 819 2460 occiso,
846 2389 1039 2461 rarissimos,
1067 2396 1097 2449 et
1122 2388 1249 2451 nullum
1273 2388 1541 2449 schismaticorum

563 2489 724 2568 ,templum
736 2488 868 2552 Polociae
883 2499 913 2551 et
924 2490 1142 2571 Vitebsoi)‚32‚
1157 2494 1207 2561 53,
1225 2494 1274 2560 68,
1290 2494 1340 2562 69,
1358 2494 1414 2552 107
1431 2498 1460 2550 et
1474 2492 1537 2559 108,

567 2592 601 2652 in
618 2592 756 2653 Processu
770 2593 921 2654 Poficeasi
942 2601 973 2655 et
993 2593 1025 2654 in
1044 2593 1240 2655 Instrumenta
1260 2593 1440 2654 visitationis
1457 2593 1541 2671 fricta

562 2714 621 2775 per
632 2695 844 2757 commissarios
856 2698 1026 2778 apostolicas
1041 2696 1107 2775 (fol.
1125 2700 1188 2779 68).

606 2804 695 2867 Unde
716 2824 788 2867 vere
805 2808 1062 2887 persequentium
1071 2808 1228 2888 judicium
1240 2826 1348 2869 servus
1365 2807 1419 2867 Dei
1435 2806 1539 2887 vicisse

567 2908 710 2982 videtur,
728 2917 763 2971 ut
777 2910 930 2991 scriptum
944 2918 1007 2972 est:
1025 2912 1070 2971 Et
1084 2911 1182 2972 vincas
1197 2932 1259 2971 cum
1273 2910 1424 2991 judicaris
1432 2927 1443 2983 ‚¹
1456 2905 1536 2989 quod

568 3010 608 3074 ad
623 3020 775 3092 martyres
786 3011 822 3073 D.
839 3010 1023 3073 Ambrosius
1040 3011 1134 3073 refert
1153 3013 1184 3072 in
1198 3030 1289 3072 serm.
1306 3014 1354 3073 ⁶23.
1372 3010 1444 3085 Quae
1455 3008 1540 3070 redu·

561 3132 642 3176 -cum
662 3114 842 3175 animorum
860 3113 1025 3194 acquisitio
1038 3131 1102 3175 non
1122 3112 1181 3173 nisi
1196 3113 1309 3175 merito
1332 3110 1469 3191 martyrii
1494 3115 1537 3169 est

568 3213 774 3277 adscribenda
798 3223 946 3295 :martyr
971 3216 1056 3275 enirn
1078 3215 1209 3287 Christi,
1236 3223 1388 3295 tanquam
1407 3230 1536 3293 granum

567 3317 717 3380 frumenti
731 3317 847 3380 cadens
859 3319 892 3379 in
908 3327 1040 3390 terram,
1063 3326 1230 3399 postquam
1250 3327 1412 3379 mortuum
1426 3314 1535 3384 fuerit,

559 3419 776 3501 multiplicem
791 3418 928 3482 fructum
941 3420 1039 3482 affert.
1057 3418 1144 3493 Quod
1157 3419 1225 3481 etS.
1241 3422 1301 3481 Leo
1314 3419 1381 3480 etS.
1398 3418 1534 3497 Prosper,

567 3521 598 3584 S.
614 3522 727 3583 Leonis
749 3522 909 3594 notarim,
928 3523 1049 3601 egregie
1071 3531 1290 3603 expresserunt
1313 3543 1320 3582 z
1342 3522 1395 3583 ifle
1416 3522 1446 3581 in
1470 3538 1534 3580 ser-

567 3640 661 3685 mone
685 3628 695 3683 t
721 3623 832 3683 Natali
844 3624 965 3704 apostol.
988 3624 1076 3684 Petri
1091 3633 1120 3683 et
1142 3623 1233 3684 Pauli
1246 3623 1308 3685 iilis
1332 3621 1433 3684 verbis
1448 3642 1453 3681 ε
1468 3620 1535 3680 Νοη

566 3724 715 3784 minuitur
729 3724 980 3805 persecutionibus
995 3725 1151 3799 Ecclesia,
1167 3725 1219 3786 sed
1229 3734 1372 3807 cupetur,
1388 3734 1416 3785 et
1427 3741 1536 3803 seraper

555 3827 726 3889 dominicus
745 3848 817 3908 aper
837 3838 931 3909 sepete
955 3829 1088 3890 uberiore
1103 3830 1245 3903 vestitur,
1266 3830 1336 3891 dura
1350 3848 1455 3911 praua,
1469 3844 1536 3907 qua

565 3933 684 4013 uapufa
704 3932 826 4005 eadunt,
849 3933 1050 4014 multiplicata
1072 3942 1252 4003 nascuntur:
1268 3934 1320 3995 hic
1335 3932 1451 3997 veroin
1465 3929 1532 3991 Lib.

566 4037 696 4097 Sentent
711 4058 718 4096 :
736 4036 884 4097 Mortibus
898 4046 1067 4119 martyrum
1085 4046 1114 4097 rt
1131 4039 1272 4118 sauprtiuc
1286 4046 1439 4099 occisorum
1451 4050 1533 4093 sauc-

568 4148 662 4200 torum
681 4140 845 4201 iaerassata
864 4149 906 4202 est
924 4149 1015 4220 terra,
1034 4148 1079 4217 et,
1096 4142 1186 4202 sicuti
1199 4142 1268 4223 apri
1283 4141 1318 4203 de
1332 4142 1424 4202 cinere
1442 4144 1467 4197 et
1483 4136 1532 4196 ai-
