3259 5484
962 672 1164 744 -188-

576 857 633 921 per
646 838 743 901 Aaou.
756 856 833 901 cous.
848 843 878 915 t,
890 858 971 901 urum.
987 842 1018 917 8,
1034 839 1125 901 ures.
1142 858 1218 901 cous.
1236 842 1305 917 166,
1321 860 1351 901 u.
1371 844 1400 903 9.
1417 839 1470 901 tit.
1484 844 1512 917 6,
1522 848 1545 901 et
1611 868 1612 921 j

576 943 609 1003 iu
624 942 781 1005 Relatioue
793 942 831 1003 B.
853 940 879 1004 T
876 943 969 1005 humen
981 941 1015 1005 de
1032 940 1189 1005 Villououa
1202 960 1266 1024 cup.
1278 941 1313 1003 de
1325 941 1407 1023 (omo
1418 943 1545 1003 sanctita·
1611 1012 1612 1017 η

577 1047 628 1123 tis,
641 1047 673 1108 iu
686 1046 764 1128 fine·
777 1054 809 1108 et
823 1045 857 1107 in
877 1045 1022 1129 praesenti
1037 1064 1113 1108 casu
1121 1045 1236 1108 adsunt
1248 1045 1384 1127 publioae
1397 1046 1543 1107 acclama·

576 1152 677 1215 tiones
701 1151 798 1214 totius
810 1151 921 1233 populi
941 1151 1084 1213 certatim
1098 1151 1287 1215 confluentis
1301 1150 1341 1214 ad
1357 1151 1545 1213 asserendam
1611 1144 1612 1199 ἓ

576 1252 740 1315 veritatem
766 1252 907 1333 martyrii
920 1251 1054 1335 piissimi
1067 1252 1228 1335 presulis,
1246 1259 1281 1314 ut
1297 1252 1330 1313 in
1346 1251 1481 1315 Processu
1497 1251 1544 1315 fol.

580 1358 620 1417 '12
629 1362 661 1416 et
673 1358 724 1429 ¹19,
738 1362 769 1415 et
783 1352 872 1417 adest
885 1353 1085 1436 vicepalatini
1102 1354 1311 1419 Vitebscensis
1324 1373 1399 1417 curn
1411 1355 1546 1417 universo

578 1457 699 1539 populo
710 1455 903 1520 Vitebscensi
916 1456 1045 1539 publica
1057 1458 1182 1521 sceleris
1193 1458 1358 1521 detestatio
1373 1477 1409 1520 ac
1418 1458 1547 1540 deplora·

579 1562 623 1624 tio
638 1560 808 1634 uberrima,
820 1560 983 1643 veniaque
994 1580 1030 1623 ac
1047 1562 1239 1645 poenitentiae
1249 1579 1307 1644 pro
1319 1559 1547 1624 tantosacinore

580 1662 709 1725 humilis
722 1662 922 1745 supplicatio,
943 1670 978 1725 ut
992 1664 1024 1726 in
1039 1662 1150 1726 eodem
1163 1663 1298 1725 Processu
1311 1662 1366 1727 fol.
1379 1662 1546 1725 aestuosa

578 1767 710 1849 deponit
722 1767 818 1829 etiam
834 1768 919 1830 testis
930 1768 1033 1849 68qui
1047 1776 1094 1831 est
1102 1768 1357 1850 archiepiscopus
1366 1766 1544 1829 Polooensis.
1611 1778 1612 1863 p

577 1872 697 1948 Quibus
718 1872 870 1935 omnibus
894 1872 1011 1935 famam
1037 1872 1112 1935 satis
1133 1892 1199 1935 esse
1214 1872 1382 1954 probatam
1397 1878 1427 1933 et
1445 1878 1547 1933 caetera

575 1976 699 2057 objecta
721 1976 863 2050 sublata,
890 1975 1144 2059 pretendebatur
1165 1996 1183 2039 a
1207 1994 1310 2039 causae
1335 1974 1475 2058 patronis
1495 1991 1546 2055 pro

577 2079 715 2143 antistite
727 2080 912 2161 iosaphato.
1027 2120 1029 2125 -
1611 2070 1612 2099 *

828 2806 949 2852 MORTEM
971 2806 1057 2851 suum
1079 2806 1129 2851 DE!
1150 2804 1306 2851 rosarum.

962 3053 1180 3067 m

1611 2334 1612 2383 i

1611 2396 1612 2445 i

1611 2470 1612 2511 i

1611 2564 1612 2607 i

1611 2608 1612 2681 i

598 2708 637 2753 DE
656 2706 810 2763 turonicus
831 2708 926 2754 smnus
946 2706 1153 2763 ninimirum,
1181 2706 1249 2761 ΟΜ
1269 2704 1446 2751 EVENERUNT
1466 2702 1527 2749 POST

618 3307 766 3384 Quamvis
780 3325 839 3389 pro
852 3306 1090 3369 canonizatione
1107 3306 1253 3387 martyris
1266 3304 1420 3366 miracula
1432 3300 1543 3383 simpli·

578 3412 655 3473 citer
668 3415 699 3470 et
712 3410 856 3471 absolute
868 3426 932 3470 non
945 3408 1122 3487 erigantur,
1136 3414 1275 3469 attamen
1286 3405 1448 3467 miraculis
1457 3400 1544 3481 magis

578 3512 673 3573 etiam
689 3510 841 3573 illustrari
858 3509 1056 3590 martyrium,
1072 3518 1194 3571 certum
1208 3516 1264 3570 est.
1282 3509 1362 3569 Deus
1378 3506 1460 3568 enim
1474 3503 1544 3565 mira
1611 3558 1612 3625 p

578 3634 674 3697 opera
685 3613 919 3677 faciendociroa
930 3621 1111 3676 sanctorum
1120 3630 1253 3693 corpora
1268 3620 1452 3691 martyrum,
1466 3605 1542 3669 testi·
1611 3628 1612 3651 r

578 3718 724 3780 monium
736 3717 882 3799 perhibet
892 3716 951 3777 sibi
962 3734 1027 3777 non
1040 3715 1144 3797 perire
1158 3713 1244 3795 quod
1261 3714 1406 3786 moritur,
1418 3720 1447 3773 et
1461 3709 1544 3773 abun·

578 3820 756 3883 dantiorem
783 3821 939 3882 honorem
958 3817 1207 3897 exsanguinibus
1225 3817 1368 3897 reliquiis
1390 3814 1542 3877 hominum
1611 3890 1612 3895 ἵ

578 3928 800 4009 circumponit,
819 3927 966 4007 utinquit
980 3927 1014 3987 D.
1031 3924 1161 4004 August.
1179 3924 1312 3985 iussum.
1329 3922 1407 3984 deS.
1433 3920 1541 3981 Vinceu-

579 4036 632 4109 tio,
649 4041 680 4094 et
693 4032 798 4094 innuit
815 4032 1020 4109 Prudentius,
1036 4032 1144 4113 hymno
1156 4031 1260 4112 quinto
1271 4029 1502 4113 peristephanon,
1516 4028 1543 4083 et

584 4134 1089 4215 multosmartyresmiraouiorum
1096 4122 1275 4194 testimonio
1285 4130 1443 4203 effulsisse,
1456 4128 1542 4207 liquet
