3259 5484
320 1217 564 1272 eoruuutalonpmti.

996 701 1175 771 -ll-

594 853 685 924 rium
701 861 737 926 et
751 877 788 926 se
804 857 919 950 ipsum
933 861 1120 953 potestatis
1131 883 1254 931 eorum
1270 863 1413 934 laceret.
1431 863 1573 934 Obtru-

593 967 781 1049 denteillo,
792 972 984 1062 Josephum
993 973 1179 1042 conatibus
1190 994 1311 1043 eorum
1321 974 1568 1044 obviaturum:

592 1083 783 1154 dummodo
798 1085 885 1178 ipsis
903 1089 1119 1170 adhaereret,
1138 1090 1302 1171 modum,
1326 1090 1443 1172 aiunt,
1468 1092 1571 1160 habi·

592 1203 711 1282 turos,
730 1198 873 1288 penitus
885 1222 966 1270 eum
976 1201 1459 1294 llilnaabigendi.llecusavit
1472 1210 1570 1275 losa·

590 1317 703 1407 phat,
728 1322 765 1386 et
788 1315 942 1408 pretium
967 1315 1175 1384 constantiae
1200 1316 1244 1385 ab
1269 1317 1566 1398 archimandrita,

582 1428 762 1520 'insignem
783 1430 970 1520 colaphum
995 1428 1146 1520 accepit,
1169 1429 1212 1498 de
1232 1450 1303 1519 quo
1320 1428 1387 1497 nisi
1411 1429 1568 1498 triennio

589 1547 669 1634 post
688 1564 757 1611 non
771 1540 952 1613 revelavit.
965 1544 1072 1610 Porro
1088 1540 1131 1608 ad
1148 1539 1318 1633 prandium
1339 1541 1567 1633 proficiscens

562 1653 881 1732 archimandrita,
908 1650 1108 1743 religiosam
1127 1650 1352 1742 juventutem
1385 1653 1429 1721 ad
1460 1656 1567 1721 Jose-

589 1766 697 1857 phum
710 1765 913 1844 Rutscium,
939 1763 990 1833 uti
1004 1763 1164 1853 ejusdem
1180 1762 1410 1855 magistrum,
1429 1764 1564 1833 remitti

587 1876 759 1969 praecipit.
776 1875 971 1967 ambiguus
983 1896 1102 1944 rerum
1117 1875 1296 1966 Josaphat‚
1316 1875 1490 1944 cumhinc
1505 1875 1565 1944 lae-

584 1988 669 2058 dere
695 1987 860 2056 mandata
883 1992 1085 2066 vereretur,
1119 1986 1201 2055 hinc
1232 1986 1421 2056 discrimen
1452 2009 1564 2058 occu-

585 2100 692 2192 pandi
728 2122 748 2168 a
783 2098 1017 2169 schismaticis
1058 2098 1295 2180 monasterii,
1332 2100 1559 2181 adverteret,

585 2210 809 2281 Valentinum
825 2209 1042 2290 Fabricium,
1063 2209 1247 2278 societatis
1263 2214 1362 2290 Jesu,
1382 2211 1559 2280 convenit.

584 2326 617 2392 ls
643 2345 681 2392 re
705 2328 875 2414 concepta
897 2321 939 2390 ad
965 2322 1157 2412 Josephum
1186 2320 1382 2406 Rutscium,
1405 2342 1450 2390 ex
1467 2344 1562 2390 nunc

586 2434 808 2504 tabellarium
844 2455 924 2503 eum
957 2433 1111 2514 litteris,
1144 2431 1218 2502 suis
1258 2454 1401 2525 quoque
1438 2433 1562 2525 adjec-

587 2551 649 2632 tis,
673 2550 932 2643 cxpediendum
952 2549 1129 2620 consulit:
1157 2549 1193 2617 in
1219 2571 1357 2619 summo
1383 2571 1440 2619 res
1459 2552 1561 2619 Unio
1622 2602 1623 2619 2

538 2651 550 2670 ²
584 2663 639 2730 nis
663 2663 794 2732 locatas
823 2663 1011 2756 periculo:
1040 2661 1108 2730 nisi
1135 2667 1295 2731 actutum
1330 2668 1557 2737 accurreret.
1622 2672 1623 2681 ²

583 2776 702 2844 omnia
723 2776 873 2845 ruitura.
898 2774 1001 2844 Febri
1028 2774 1110 2843 licet
1132 2773 1365 2843 distineretur
1385 2774 1491 2844 etiam
1526 2775 1559 2841 iu

585 2887 710 2957 itinere
731 2887 916 2979 Josephus,
942 2885 1047 2955 tertio
1066 2891 1185 2954 tamen
1205 2885 1558 2978 paroxismolliluam

583 2997 769 3068 advolavit.
790 3000 904 3089 Atque
919 3018 1000 3066 cum
1009 2995 1165 3088 jubilum
1179 2995 1409 3066 sanctissimae
1425 2997 1560 3066 lriadis

584 3107 742 3177 TeDcom
763 3109 939 3176 laudamus
960 3107 1208 3199 persolvisset,
1229 3107 1339 3178 febris
1353 3130 1435 3178 eum
1459 3109 1558 3179 dese·

582 3217 1559 3298 ruit:dumoccurritnimirumunionisincendio,etiam
1621 3300 1622 3315 χ

582 3330 706 3400 febrile
717 3330 1153 3400 restinctuminoendinm.
1166 3331 1294 3401 Eodem
1304 3330 1361 3400 die
1376 3353 1560 3423 regressus

581 3442 868 3524 archimandrita,
884 3443 1116 3535 iosaphatum
1132 3443 1337 3534 asperrimis
1356 3442 1560 3512 inobedien-

582 3553 641 3623 tiae
663 3554 822 3647 coarguit
840 3553 970 3622 verbis.
991 3552 1053 3622 Cui
1074 3552 1134 3623 ille
1155 3577 1162 3621 :
1185 3554 1315 3622 frustra
1333 3553 1558 3645 juventutem

581 3665 789 3735 mittendam
822 3664 953 3745 luisse,
981 3685 1061 3733 cum
1082 3669 1119 3733 et
1138 3667 1313 3756 Josephus
1343 3664 1557 3736 advenisset.

582 3776 687 3858 Quasi
702 3799 871 3846 mucrone
886 3782 1103 3846 transactum
1130 3777 1278 3847 vidisses
1298 3778 1560 3848 archimandri-

583 3893 655 3956 tam
673 3910 680 3955 :
701 3889 875 3979 Josephus
887 3887 982 3956 enim
998 3893 1035 3957 et
1048 3887 1246 3958 eruditione
1261 3911 1429 3981 magnuS,
1448 3897 1484 3959 et
1500 3914 1560 3961 no-

581 3999 717 4071 bilitate
733 4007 881 4093 patena,
908 4007 946 4070 et
963 4000 1158 4093 patrocinio
1171 4007 1374 4092 magnatum
1398 4002 1561 4073 munitus

581 4121 670 4184 erat.
688 4121 731 4187 Ut
745 4139 829 4186 vero
844 4115 969 4206 majori
985 4116 1136 4208 polleret
1149 4117 1382 4198 auctoritate,
1400 4117 1561 4190 Vicarius
