3259 5484
589 871 837 966 chiepiscopali
866 883 922 943 sat
946 874 1065 957 suavi,
1103 877 1377 966 precedentium
1415 877 1563 968 vestigia
1619 858 1620 861 ¹

591 984 1186 1078 premebat.lnquoclernslatinus
1205 989 1449 1082 ruthenusque
1459 989 1566 1081 pictis

591 1095 703 1166 serico
717 1102 753 1166 el
767 1117 855 1166 auro
867 1097 1024 1168 ecclesiae
1038 1097 1254 1168 indumentis
1268 1105 1424 1180 ornatos,
1438 1105 1476 1168 et
1491 1099 1565 1191 ipse

591 1214 711 1298 pastor
728 1206 901 1299 praesuleo
915 1208 1101 1278 decoratus
1121 1209 1262 1290 habitu,
1279 1209 1393 1301 gravis
1407 1209 1563 1288 incessit,
1620 1238 1621 1247 ¹

592 1318 757 1409 pastorali
790 1319 933 1389 innixus
964 1322 1151 1402 cnducaeo,
1186 1321 1358 1413 religiosis
1385 1321 1567 1390 basilianis

590 1429 767 1500 hincinde
783 1431 884 1502 lateri
906 1433 1142 1514 beientibus,
1161 1434 1218 1527 pia
1232 1434 1415 1525 majestate
1436 1434 1568 1525 perlui·

591 1540 706 1632 gebat.
720 1543 838 1612 Ultimi
854 1544 1032 1635 palatinus
1046 1553 1083 1614 et
1094 1546 1307 1616 castellanus
1318 1550 1470 1616 loannes
1486 1549 1568 1614 Kor·
1621 1584 1622 1589 ,

593 1651 880 1735 sakPolocenses‚
893 1656 1150 1748 Tyszkievioius
1159 1657 1295 1748 legatus
1304 1656 1433 1748 regius,
1445 1677 1569 1724 omnes

592 1765 697 1847 uniti,
722 1789 803 1836 oum
825 1769 1111 1862 frequentissima
1134 1771 1317 1840 nobilitate
1340 1776 1376 1840 et
1398 1769 1570 1839 multitu·
1622 1822 1623 1893 l

593 1877 674 1947 dine
687 1879 781 1948 huno
796 1881 989 1952 solemnem
1001 1883 1198 1974 ingressum
1209 1881 1432 1952 claudebant.
1446 1886 1571 1950 Proce-
1622 1896 1623 1963 l

593 1989 760 2058 dentibus
784 1991 827 2059 ad
861 2014 976 2062 arcem
1001 1993 1037 2062 in
1061 2015 1130 2086 qun
1153 1994 1339 2072 cathedra,
1363 1991 1529 2084 dispositi
1551 2013 1571 2058 a

595 2099 766 2170 lateribus
781 2103 989 2194 praesidinrii
1004 2105 1159 2197 pedites,
1183 2105 1334 2198 repetito
1353 2104 1573 2174 bombarda-

595 2233 674 2280 rum
698 2213 851 2305 fragore,
879 2236 1010 2286 auxere
1033 2218 1265 2311 triumphum.
1290 2219 1422 2289 Deinde
1443 2239 1511 2286 arx
1531 2219 1571 2286 de

595 2321 759 2412 pluribus
794 2325 987 2416 majoribus
1013 2328 1185 2398 machinis
1218 2351 1300 2398 cum
1335 2328 1570 2408 intonuisset,

597 2439 747 2504 tremere
760 2436 923 2508 omninet
936 2439 1066 2510 coelnm
1078 2446 1244 2534 terraque
1256 2440 1412 2519 misceri,
1436 2441 1570 2519 sonitu,

597 2544 765 2626 flammiS,
795 2549 910 2628 fumo,
937 2549 1185 2644 pulvereisque
1208 2551 1323 2643 globis
1345 2549 1570 2620 videbantur.

640 2661 714 2729 Vox
726 2660 866 2751 publica
881 2667 955 2732 turn
970 2662 1050 2742 fuit,
1067 2663 1258 2756 aplurimis
1273 2669 1367 2734 retro
1379 2661 1483 2731 annis
1498 2664 1574 2731 nul·

597 2777 669 2846 lum
691 2785 763 2846 tam
786 2778 962 2849 celebrem
991 2780 1098 2849 ullius
1117 2779 1371 2873 archiepiscopi
1396 2786 1458 2847 ant
1472 2800 1575 2848 sena·

597 2890 683 2960 toris
716 2891 915 2983 ingressum
952 2893 1072 2962 luisse.
1102 2897 1154 2963 lta
1186 2892 1350 2962 videlicet
1381 2890 1573 2968 honorari,

597 3023 857 3094 quemcumque
881 3003 1031 3073 voluerit
1054 3007 1148 3073 [lens
1169 3005 1353 3073 bonorare.
1386 3005 1468 3069 Tam
1492 2999 1576 3068 laelo

599 3114 778 3207 triumpho
793 3115 972 3186 moestitiae
983 3116 1126 3208 propior
1136 3137 1243 3207 qnam
1258 3114 1401 3206 gaudio,
1413 3112 1451 3181 in
1463 3112 1577 3181 eccle·

599 3225 686 3294 siam
701 3229 735 3296 S.
758 3225 915 3318 sophie,
934 3249 995 3296 seu
1011 3227 1073 3296 Dei
1088 3227 1289 3319 sapientiae,
1305 3225 1430 3317 pedem
1452 3223 1578 3292 intulit

598 3338 783 3428 losephat;
797 3343 904 3429 atque
917 3338 1093 3408 modicum
1104 3339 1148 3408 ad
1161 3338 1270 3407 altare
1284 3342 1460 3429 precatus,
1478 3336 1579 3403 thro

600 3471 686 3517 num
700 3471 804 3518 snum
817 3451 1033 3520 conscendit.
1047 3451 1174 3520 Audito
1186 3451 1329 3520 demum
1339 3447 1457 3518 divino
1469 3447 1579 3516 sacri-

600 3559 697 3640 ficio,
720 3567 756 3630 et
779 3582 798 3628 a
818 3560 1005 3651 juventute
1020 3561 1190 3652 polonicis
1210 3563 1384 3630 salutatus
1402 3561 1577 3651 rythmis,

550 3737 552 3742 ,
601 3694 681 3740 curn
696 3672 874 3764 praecipua
889 3673 1069 3765 hospitum
1084 3697 1208 3755 manu,
1236 3695 1356 3744 senem
1376 3671 1580 3765 archiepis-

603 3807 729 3877 copum
764 3785 824 3854 vix
852 3785 918 3854 sibi
944 3792 1156 3879 praesenlem
1191 3787 1332 3866 invisit,
1363 3805 1580 3877 omnemque

604 3895 696 3964 circa
711 3917 791 3965 enm
816 3918 915 3965 suam
931 3898 1086 3967 futurem
1108 3897 1398 3976 sollicitudinem,
1422 3902 1463 3965 ut
1481 3897 1581 3967 filius

605 4011 755 4102 parenti,
773 4010 952 4103 pollicitus
968 4017 1033 4081 est.
1051 4015 1099 4080 Eo
1120 4012 1176 4080 die
1192 4010 1328 4098 (martis
1343 4012 1432 4097 erat)
1453 4030 1583 4080 servus

605 4121 667 4192 Dei
688 4127 801 4192 totum
828 4123 1023 4194 nobilitatis
1042 4122 1163 4193 dorem
1185 4123 1290 4214 epulo
1310 4119 1475 4212 excepit3
1503 4144 1583 4214 pos·
