3259 5484
930 734 1131 806 ...184-

546 891 686 973 msrtyrii
702 903 849 966 suumin,
874 894 1074 975 exploratum
1095 902 1142 957 est
1162 913 1199 957 er
1226 894 1349 957 traditis
1369 912 1467 979 supra
1491 897 1524 959 in
1565 928 1567 935 v

545 1000 665 1079 2pcrte
681 996 717 1059 dc
730 997 898 1079 suartyrio,
914 1008 944 1061 et
958 998 1119 1079 signanter
1132 992 1319 1079 martyrium
1330 1018 1389 1081 pro
1403 1000 1526 1062 unitate

546 1099 700 1163 servanda
717 1109 749 1163 et
771 1117 830 1183 pro
857 1101 1039 1165 reductione
1062 1102 1334 1167 schismaticorum
1353 1104 1393 1166 ad
1415 1106 1526 1167 matris

547 1202 692 1266 Ecclesiae
711 1202 816 1267 sinum
831 1204 899 1267 ‘lieo
913 1206 1126 1284 gruissimum
1146 1224 1222 1279 esse,
1243 1206 1426 1286 gravissime
1444 1226 1525 1269 con-

546 1304 652 1367 firmet
666 1304 833 1386 Dionysius
848 1304 932 1387 apud
944 1306 1059 1369 Euseb.
1071 1307 1093 1370 l.
1103 1311 1123 1369 6
1133 1306 1328 1390 Historcep.
1337 1312 1386 1382 37,
1396 1308 1451 1371 ubi
1462 1310 1523 1371 ait:

548 1408 691 1491 Oportere
713 1408 813 1469 omnio
840 1408 1019 1471 incommodo
1037 1410 1108 1491 peti
1131 1410 1242 1491 potius,
1270 1428 1357 1490 quem
1380 1411 1527 1473 Ecclesiae

546 1516 698 1581 discidisse
709 1516 892 1579 concordiam
899 1534 913 1593 ,·
926 1525 957 1579 et
975 1518 1206 1600 sapientissime
1220 1518 1329 1581 docuit
1343 1519 1374 1581 S.
1392 1518 1526 1601 Cypria·

547 1638 619 1694 nus,
633 1636 769 1699 magnus
786 1618 917 1683 unitatis
930 1636 1033 1701 preco
1051 1628 1082 1681 et
1099 1620 1276 1683 schismatis
1295 1620 1474 1694 insectator,
1492 1630 1527 1683 ut

546 1719 908 1800 commatationem
930 1720 963 1780 in
984 1728 1073 1782 truci.
1094 1720 1130 1782 de
1141 1722 1290 1802 martyrio
1300 1742 1356 1804 per
1369 1730 1483 1803 pestem
1494 1727 1525 1795 l,

547 1824 743 1907 §Sclismcti
752 1824 936 1905 martyrium
952 1844 1058 1886 conum
1071 1872 1079 1901 ,
1093 1832 1123 1886 et
1146 1826 1288 1907 seqnitur
1308 1826 1478 1900 erroneus,
1496 1828 1526 1887 in

548 1929 659 1990 Aasct.
675 1924 716 1987 od
739 1927 991 2009 martyroiopinm
1007 1927 1047 1989 cd
1066 1927 1143 1990 diem
1167 1934 1204 1991 l9
1211 1928 1301 2010 julii,
1317 1930 1372 1991 ubi
1388 1931 1526 1993 multum

547 2030 671 2095 extollit
697 2030 883 2111 martyrium
905 2030 947 2093 ob
978 2030 1132 2093 unitatem
1159 2031 1367 2107 servandam,
1393 2032 1526 2095 utillud

547 2134 622 2216 plus
635 2132 753 2196 hebere
766 2131 1060 2199 commendationis,
1076 2150 1174 2213 quam
1190 2132 1276 2214 quod
1290 2134 1471 2216 suscipitur,
1488 2154 1527 2196 ne

549 2235 643 2300 idolis
667 2236 871 2311 immoletur,
897 2244 929 2297 et
953 2244 1081 2310 monet,
1107 2236 1190 2299 inter
1211 2236 1350 2299 celebres
1374 2246 1528 2317 martyres

549 2340 773 2404 adnumeratis
791 2338 963 2415 luisseeos,
979 2340 1035 2422 qui
1058 2339 1253 2403 adhaerentes
1263 2341 1293 2403 S.
1305 2341 1419 2403 loanni
1433 2341 1528 2421 Chry-

549 2448 688 2505 sostomo
700 2449 777 2503 tnnc
789 2442 941 2515 exulanti,
955 2442 1049 2505 occisi
1061 2450 1135 2505 sunt
1151 2441 1441 2524 Constantinopoli,
1454 2460 1527 2504 cum

550 2544 673 2608 nollent
688 2544 924 2608 communicare
938 2563 1012 2607 cum
1035 2544 1163 2608 Arsacio
1177 2546 1301 2608 intruso
1319 2554 1415 2627 atque
1435 2546 1528 2607 schis

549 2648 677 2725 matico,
692 2665 830 2729 qnorum
845 2647 912 2710 dies
925 2648 1040 2711 natalis
1055 2649 1158 2729 agitur
1171 2648 1223 2711 die
1238 2652 1275 2710 ll
1294 2647 1445 2730 januarii.

590 2752 744 2814 Caeterum
765 2750 970 2834 probationes
993 2752 1138 2834 superius
1167 2751 1270 2814 allatae
1292 2769 1348 2834 per
1369 2751 1526 2813 Reueren-

550 2855 630 2919 dum
640 2855 713 2919 lidci
725 2864 940 2938 promotorem
949 2855 1374 2938 pluribusimpugnabsnt'ur
1384 2852 1525 2935 objectis.

591 2956 681 3032 Quod
701 2957 787 3019 enirn
802 2955 843 3019 sd
859 2956 976 3019 lectum
987 2956 1164 3031 occisionis,
1178 2956 1283 3039 primo
1295 2954 1525 3037 opponebatur,

551 3063 713 3125 neminem
733 3081 772 3125 ex
791 3062 923 3125 testibus
946 3061 1124 3124 interfuisse
1146 3062 1179 3123 in
1202 3062 1274 3124 loco
1293 3058 1441 3133 Vitebsci,
1459 3066 1529 3120 tern-

551 3182 629 3247 pore
640 3163 753 3226 mortis
765 3163 994 3246 archiepiscopi
1008 3162 1170 3245 losephati
1178 3182 1187 3237 3
1202 3162 1351 3235 secundo,
1368 3162 1526 3223 neminem

552 3268 756 3331 sufficientem
771 3267 926 3329 rationem
941 3265 1070 3329 reddere
1084 3265 1159 3327 dicti
1173 3266 1232 3327 sui.

568 3384 571 3390 ·
593 3368 683 3445 Quod
708 3388 782 3432 vero
809 3368 849 3431 ad
873 3387 1001 3431 causam
1025 3370 1165 3449 martyri,
1182 3367 1392 3449 objiciebatur
1411 3367 1524 3448 primo,
1619 3366 1620 3371 ’

553 3471 635 3536 duos
661 3481 786 3534 tanturn
810 3478 903 3533 testes
930 3471 982 3532 hic
1008 3471 1040 3532 in
1069 3470 1148 3532 urbe
1172 3470 1385 3543 examinatos,
1415 3485 1530 3549 nempe

556 3575 730 3639 secuudum
742 3575 775 3639 iu
784 3576 884 3656 perimo
892 3594 1025 3657 processu
1034 3583 1065 3636 et
1076 3574 1203 3636 tertium
1215 3574 1245 3634 in
1256 3572 1376 3635 secundo
1383 3590 1525 3654 processu,

553 3678 712 3761 deponere
727 3676 768 3740 de
781 3676 977 3741 consessione
1006 3676 1101 3739 unius
1117 3696 1155 3737 ex
1170 3674 1334 3757 parricidis
1353 3673 1524 3744 asserentis,

554 3782 657 3845 solum
681 3800 718 3842 ex
739 3798 834 3842 cause
858 3778 930 3841 lidei
956 3797 1012 3860 per
1037 3778 1107 3841 illos
1130 3777 1250 3841 illatam
1278 3775 1374 3838 luisse
1396 3783 1524 3838 mortem

554 3883 801 3965 archiepiscopo,
825 3881 962 3944 sednon
985 3900 1051 3943 esse
1072 3888 1226 3942 contestes
1244 3879 1326 3964 circa
1349 3894 1523 3960 personam.

553 3987 709 4061 Secunde,
723 4004 788 4051 non
799 3985 930 4049 reddere
937 3986 1142 4048 sufficientem
1152 3985 1227 4047 dicti
1237 3986 1402 4047 rationem.
1415 3984 1523 4053 Tertio,

554 4090 633 4153 alios
645 4097 737 4151 testes
747 4107 815 4151 esse
826 4089 1009 4169 singulares.
1022 4088 1150 4163 Quart0,
1163 4096 1254 4149 testes
1265 4087 1305 4149 dc
1317 4086 1446 4167 publice
1455 4102 1526 4147 voce

553 4202 585 4256 et
596 4191 681 4255 lama
695 4211 760 4255 non
770 4192 851 4254 bene
867 4191 955 4254 illam
969 4190 1168 4253 concludere.
