3259 5484
971 677 1150 751 ..50-

572 846 657 917 tiam
672 846 830 917 ciborum
847 853 1025 940 potusque
1039 867 1060 914 a
1075 868 1112 917 se
1132 846 1234 938 longe
1254 842 1472 937 proscripsit.
1493 844 1540 912 Ad

571 957 729 1027 convivia
744 963 910 1039 vocatus,
933 979 1003 1027 non
1019 956 1133 1027 solum
1153 953 1385 1026 moderationi
1407 975 1542 1045 semper

571 1066 725 1149 studere,
738 1064 1542 1138 verumetiamnaturaenecessitatisubtrabere

570 1176 696 1246 solitus
721 1183 787 1247 est.
817 1177 959 1248 Caedere
986 1199 1023 1247 se
1050 1176 1216 1269 flagellis,
1247 1175 1284 1244 in
1309 1175 1484 1245 cubiculis
1510 1182 1544 1244 et

571 1287 731 1379 prandiis,
757 1288 794 1356 in
818 1288 931 1357 hortis
953 1294 988 1357 et
1011 1287 1172 1367 horreis,
1194 1286 1231 1355 in
1254 1285 1360 1378 sylvis
1379 1292 1416 1356 et
1438 1286 1540 1365 satis,

571 1404 607 1468 ot
632 1399 694 1468 ubi
720 1400 944 1470 commodum
973 1406 1011 1470 et
1043 1406 1144 1470 extra
1178 1398 1319 1469 oculum
1352 1400 1543 1467 humanum

572 1512 706 1604 reperit
727 1513 862 1593 looum,
887 1534 957 1582 non
986 1512 1188 1583 intermisit.
1222 1511 1369 1581 Uslatini
1398 1510 1434 1579 in
1464 1510 1544 1579 villa

570 1622 873 1717 archiepiscopali,
884 1644 1006 1694 mense
1017 1624 1192 1716 januario,
1210 1624 1481 1707 summabieme,
1495 1646 1546 1692 ar-

570 1735 797 1806 chidiaconus
820 1736 896 1829 ejus
915 1737 1130 1818 Dorotheus,
1149 1741 1182 1806 S.
1200 1736 1313 1807 Patris
1327 1736 1438 1807 nostri
1457 1736 1545 1807 reli-

570 1848 711 1939 giosus,
730 1870 813 1919 casu
826 1849 985 1929 fortuito,
1004 1848 1227 1918 nemusaulae
1238 1848 1438 1941 proximum
1447 1848 1542 1916 adiit.

570 1962 655 2029 Eone
679 1960 951 2051 spectaculum:
975 1959 1178 2051 pontificem
1212 1958 1414 2028 lumborum
1442 1965 1543 2027 tenus

570 2072 786 2142 denudatum
801 2126 810 2153 ‚
828 2072 935 2164 virgis
950 2094 988 2141 se
1001 2072 1175 2164 graviter,
1191 2072 1296 2142 toties
1311 2072 1543 2164 respirantem

570 2182 771 2274 iterumque
789 2183 984 2253 eaedentem
1000 2182 1162 2263 advertit,
1183 2192 1219 2253 et
1236 2182 1361 2274 quovis
1376 2182 1540 2274 respirio,

549 2295 684 2367 erucis
705 2296 742 2363 in
759 2296 914 2377 modum,
935 2317 1042 2387 super
1066 2296 1164 2365 niues
1177 2296 1360 2365 uadentem
1372 2300 1544 2364 orantem-

570 2426 652 2497 que.
683 2406 1041 2498 transmeantem,
1077 2406 1252 2477 sustinere
1282 2406 1375 2475 haud
1409 2406 1540 2499 potuit,

570 2516 656 2607 quin
696 2538 884 2586 accurrens
915 2524 1050 2598 oraret,
1085 2540 1129 2588 ne
1158 2523 1341 2610 tantopere
1373 2518 1409 2585 in
1435 2517 1542 2585 vitam

569 2650 692 2709 sunm,
709 2628 874 2699 Ecclesiae
895 2639 967 2697 tam
989 2627 1201 2723 proficuam,¹
1219 2617 1371 2697 saliret.
1391 2628 1440 2696 Ad
1462 2649 1542 2719 quae

571 2740 701 2833 praesul
719 2743 864 2811 fratrem
883 2762 964 2811 eum
988 2740 1224 2833 compellam,
1247 2732 1380 2809 sineret
1394 2762 1448 2820 se,
1465 2738 1543 2808 loeo

570 2853 796 2933 abscederet,
819 2874 884 2922 neo
906 2851 970 2920 ulli
985 2851 1130 2921 diceret.
1149 2851 1253 2920 Flens
1271 2849 1358 2920 abiit
1372 2850 1449 2932 ille,
1465 2850 1543 2942 ipso

299 2972 414 3047 carena
432 2972 541 3028 amula.
569 2969 796 3045 manentem
810 2963 895 3055 quid
909 2962 1035 3055 egerit,
1054 2962 1180 3031 ooelum
1201 2962 1392 3032 conscium.
1411 2965 1448 3030 ln'
1461 2956 1545 3030 oili-

325 3047 543 3141 ffipamu-
571 3076 634 3145 ciis
673 3080 710 3145 et
746 3073 896 3166 cingulis
934 3074 1027 3143 ferro
1067 3072 1244 3142 distinctis
1284 3072 1420 3141 adunco
1459 3093 1546 3162 ges-

572 3183 708 3264 tandis,
726 3182 860 3274 juniori
885 3182 950 3251 sibi
980 3180 1195 3273 persimilis:
1219 3180 1255 3249 in
1282 3180 1412 3273 quibus
1437 3179 1545 3250 etiam

572 3316 670 3364 saera
692 3316 789 3364 more
809 3292 1006 3387 pontiliciS,
1033 3291 1250 3361 solemnibus
1272 3290 1455 3361 celebrans
1490 3292 1548 3360 fe-

572 3406 636 3474 stis
657 3405 773 3473 animo
791 3404 968 3496 quondam
995 3424 1069 3495 prae
1094 3401 1275 3471 doloribus
1294 3400 1545 3493 linquebatur,

571 3518 665 3610 quod
680 3516 761 3586 unni
773 3514 878 3586 ferrei
892 3536 1033 3584 earnem
1052 3515 1310 3605 transfigerent.
1326 3513 1436 3605 lgitur
1459 3534 1548 3604 per-

571 3636 649 3698 acto
662 3628 845 3708 sacrificio,
859 3628 895 3696 in
910 3626 1079 3697 lectulum
1093 3625 1275 3706 decidens,
1300 3624 1547 3693 archidiacono

571 3740 703 3821 eidem,
732 3737 967 3808 confidentius
986 3734 1174 3805 refibulare
1199 3756 1236 3803 se
1256 3734 1375 3826 jussit,
1394 3740 1431 3803 et
1446 3734 1549 3802 indu·

571 3854 622 3922 sio
643 3852 780 3922 eilioino
806 3872 877 3944 quo
900 3871 1038 3946 semper
1063 3870 1169 3928 usus,
1197 3868 1267 3916 non
1290 3846 1449 3937 dejecto,
1480 3847 1549 3915 fer-

570 3985 669 4033 reum
695 3960 934 4055 asperioribus
958 3958 1202 4029 intermixtum
1232 3958 1316 4027 setis
1342 3957 1545 4049 cingulum,

519 4108 522 4113 ·
569 4074 758 4164 deponere.
773 4076 1042 4150 Verumtamen,
1068 4074 1109 4138 ut
1122 4069 1252 4141 laetum
1268 4071 1473 4165 propalaret
1489 4092 1549 4141 ne·

569 4186 656 4254 mini
664 4187 674 4266 g
693 4207 813 4256 severe
828 4184 994 4254 inhibuit.
