3259 5484
485 713 665 784 ..a-1..

85 873 298 943 mandritam
320 894 391 941 una
414 891 495 940 cum
520 866 852 962 protopresbytero,
882 879 927 932 ne
954 859 1064 953 quid-

85 1008 193 1078 quam
210 985 280 1054 tale
301 989 575 1077 praesumerent,
598 981 752 1073 capitum
769 999 914 1049 suorum
934 974 1065 1046 discri-

85 1096 181 1166 mine
195 1119 202 1163 :
216 1102 251 1165 et
262 1094 518 1186 magistratum,
534 1091 735 1185 provideret
744 1085 1066 1158 machinationibus

86 1206 327 1276 multitudinis
351 1204 627 1297 compescendis,
657 1205 770 1293 Ocyus
792 1223 836 1270 ex
857 1198 1063 1293 magistratu

86 1319 231 1412 quidam
257 1319 469 1388 sciscitaturi
493 1320 536 1388 ad
560 1319 679 1388 unitos
703 1316 923 1388 descendunt
945 1336 953 1381 :
979 1311 1065 1406 quid

87 1452 166 1499 cum
182 1431 352 1522 Josaphat
370 1435 443 1499 tres
458 1429 509 1499 illi
529 1429 622 1500 cives
642 1429 778 1520 egerint
793 1426 954 1520 capiunt,
972 1424 1065 1494 etad

87 1542 224 1611 curiam
257 1563 317 1610 eos
354 1547 512 1610 evocant.
542 1543 707 1609 Armatur
736 1538 877 1617 civitas,
913 1535 1066 1626 cingitur
1126 1547 1310 1603 capannam.

87 1653 343 1722 monasterium
355 1651 801 1744 excubiisMagistratusin
813 1649 923 1729 curia,
936 1650 979 1717 de
991 1647 1067 1716 sab-

88 1766 171 1834 bato
195 1765 233 1833 iu
262 1764 494 1844 dominicam,
524 1786 603 1833 cum
630 1763 759 1834 selecto
784 1762 911 1832 robore
932 1781 1067 1853 pernox

89 1877 252 1970 vigilare3
267 1900 348 1946 suas
359 1877 466 1946 etiam
478 1898 496 1946 e
509 1883 623 1946 castro
632 1877 782 1969 jungere
792 1875 886 1945 vires
898 1873 1069 1966 vicepala·

89 1991 197 2060 tinus.
221 1995 263 2060 Et
281 2012 361 2060 curn
377 1991 586 2060 antelucano
610 1996 770 2082 tempore
787 1989 831 2057 ad
853 1986 1067 2056 matutinum

89 2125 261 2196 campana
270 2103 471 2173 sonuissent
482 2102 585 2183 uniti,
595 2102 685 2171 arcis
698 2101 903 2194 praesidium
914 2099 1069 2193 primum

90 2214 307 2306 supervenit.
332 2215 446 2306 Atque
466 2213 531 2294 ita,
551 2218 622 2283 Deo
642 2213 875 2282 constantiam
889 2210 1069 2303 Josaphati

91 2330 317 2404 munerante,
338 2346 424 2416 grex
452 2324 603 2416 pusillus
625 2325 802 2394 unitorum
830 2325 986 2393 salvatus
1001 2329 1067 2392 est.

132 2439 297 2526 Magnum
331 2434 483 2504 abinde
514 2437 681 2528 Josaphat
706 2437 799 2528 apud
828 2434 1070 2505 schismaticos
1097 2450 1341 2496 commuta..—

91 2546 268 2616 demeruit
287 2546 427 2629 odium;
445 2547 540 2639 quod
555 2546 808 2626 existimarint,
828 2547 888 2614 illo
906 2551 1067 2624 auctore,
1192 2514 1250 2569 ΡΜ

92 2679 173 2726 suos
188 2679 332 2750 pessum
349 2657 453 2728 ivisse
470 2664 628 2728 conatus.
647 2663 697 2727 lta
714 2665 753 2728 ut
768 2659 853 2728 foris
868 2679 1071 2751 comparen-

93 2777 162 2837 tem
180 2769 414 2850 clamoribus,
439 2791 558 2850 omne,
576 2769 754 2862 lapidibus
776 2769 1068 2862 insequerentur,

93 2888 127 2950 et
142 2903 326 2961 amusum,
345 2881 590 2974 impostorem,
608 2883 756 2975 impium
767 2882 964 2952 vocitarent
978 2907 985 2950 ε
1001 2905 1072 2975 quo

93 2992 261 3063 virtutem
287 2993 364 3085 ejus
388 2994 482 3086 plebi
504 2995 884 3065 commendatissimam
908 2996 1073 3086 deturpa-

93 3113 183 3176 rent.
200 3112 332 3180 Verum
344 3109 530 3200 Josaphat,
548 3130 706 3179 crescere
720 3130 796 3178 eam
812 3107 979 3188 adversis,
997 3107 1073 3176 sine

95 3220 194 3289 hoste
208 3242 426 3290 marcescere
439 3243 580 3313 gnarus,
594 3211 760 3292 haecodia
770 3222 871 3292 nihili
882 3221 1070 3314 reputavit.

94 3333 140 3399 Ac
156 3337 196 3400 ut
218 3331 343 3401 fortior
364 3331 401 3399 in
424 3332 588 3423 palaestra
613 3340 743 3403 sanctae
762 3333 919 3405 ecclesiae
942 3334 1074 3402 athleta

96 3441 279 3523 evaderet,
301 3443 408 3512 etiam
425 3443 454 3511 si
467 3443 543 3511 latii
558 3444 731 3536 sermonis
749 3466 876 3537 expers
889 3443 1014 3524 fuerit,
1031 3445 1075 3512 ad

96 3553 239 3634 altiora,
262 3554 372 3646 magis
395 3561 512 3624 tamen
538 3556 753 3637 necessaria,
782 3555 1015 3648 philosophiae
1039 3562 1076 3624 et

98 3663 284 3756 theologiae
297 3687 423 3735 arcana
436 3666 589 3735 animum
605 3668 786 3760 applicuit.
807 3673 890 3752 Quae
906 3667 985 3760 ipsi,
1001 3675 1076 3739 tum

100 3781 138 3843 ut
155 3797 312 3846 amorem
335 3777 477 3848 virtutis
497 3778 533 3846 in
562 3801 603 3848 co
626 3781 845 3871 splendentis
867 3787 1073 3862 testaretur,

102 3894 173 3953 tum
194 3894 234 3955 ut
257 3887 330 3956 zelo
355 3888 431 3978 ejus
455 3889 559 3981 plane
579 3890 696 3959 divino
722 3891 998 3984 gratificaretur,
1025 3893 1078 3962 vir

102 4000 206 4070 toties
216 4000 301 4069 mihi
310 4001 554 4093 praedicandus
565 4003 771 4073 Valentinus
781 4003 1081 4084 Fabriciustheo*

104 4109 203 4203 logia>
229 4114 407 4204 professor
431 4114 615 4184 societatis
629 4120 731 4196 Jesu,
750 4117 878 4198 Vilnae,
904 4118 1079 4187 slavonico

992 4229 1008 4281 2
