3259 5484
499 710 699 779 -111-

107 874 174 949 lim,
193 892 305 955 quase
331 872 479 956 polonico
497 871 645 935 idiomate
660 871 692 932 in
715 870 851 933 latinum
874 886 978 931 versas
997 866 1076 929 olim

103 974 177 1053 juris
189 975 311 1056 publici
322 973 446 1047 fecerat,
463 975 525 1037 Leo
536 974 657 1047 liisdm,
672 972 872 1054 metropolita
887 968 1073 1040 liioviensis,

106 1074 204 1137 addita
237 1076 301 1135 Vite
324 1075 465 1156 ejusdem
494 1074 561 1135 Viri
581 1074 638 1135 Dei
659 1082 688 1135 et
708 1092 841 1153 responso
854 1070 894 1131 ad
910 1070 1073 1142 Martium,

102 1179 304 1257 patriarcham
316 1177 575 1253 Alexandrinum,
590 1176 669 1238 dato.
686 1175 874 1257 Suprasliae,
892 1178 981 1235 1711.

140 1282 181 1341 Ile
204 1282 345 1362 collapsa
370 1299 446 1342 vero
476 1280 707 1342 monachorum
720 1278 952 1340 Basilianorum
979 1274 1075 1335 disci-

105 1384 209 1463 plina,
236 1402 334 1465 quam
360 1385 506 1446 llutscius
541 1386 581 1449 ad
608 1387 771 1448 meliorem
788 1402 934 1447 normam
954 1381 1078 1444 reduxit

105 1497 193 1569 atque
211 1490 413 1561 instauravit,
439 1507 500 1571 ope
523 1490 651 1552 Patrnm
676 1488 839 1552 Societatis
857 1488 930 1548 Jesu
948 1485 1075 1567 potissi-

105 1609 187 1652 mum
207 1610 302 1668 usus,
324 1593 418 1674 plura
432 1594 493 1672 legi
508 1603 641 1675 possunt
655 1592 740 1676 apud
751 1592 933 1665 Cordaram,
950 1592 982 1653 in
996 1592 1075 1653 His-

106 1694 177 1753 toria
188 1694 348 1755 Soeietatis
361 1694 447 1772 lesu,
462 1703 543 1777 part.
557 1695 612 1769 vl,
629 1695 685 1758 lib.
701 1700 778 1769 l‚n⁰
792 1698 843 1757 116.

140 1796 214 1869 Quia
224 1796 264 1858 dc
275 1796 933 1879 monasterioZyrovieiensi,quodimagine
944 1798 977 1857 Β.
988 1796 1071 1859 liv.
1101 1799 1194 1875 Adem-
1208 1800 1295 1875 amun.
1310 1802 1347 1882 23·

105 1898 285 1962 miraculosa
301 1900 465 1974 inclaruit,
487 1917 590 1963 sermo
604 1900 713 1963 incidit
733 1918 797 1963 non
818 1900 914 1962 semel
927 1900 959 1962 in
980 1918 1075 1982 opere
1129 1866 1303 1981 ibfflffnss
1318 1866 1345 1909 κ’

104 2000 202 2064 laeobi
217 2002 328 2077 Susza,
345 2021 410 2065 non
426 2004 481 2066 abs
496 2022 529 2064 re
542 2002 607 2065 fore
617 2011 710 2086 puto,
720 2003 745 2064 si
757 2002 797 2065 de
808 2003 898 2065 icone
908 2003 968 2064 hac
978 2002 1074 2064 thau-

105 2106 268 2184 maturgica
283 2123 386 2187 pauca
399 2104 453 2166 hie
466 2104 717 2186 subjungantur,
728 2122 767 2165 ex
781 2107 868 2166 Anno
883 2104 1075 2165 eeclesiastico

104 2208 328 2283 prere-elerico,
342 2226 440 2289 quem
456 2227 514 2288 ego
529 2227 632 2290 nuper
651 2209 684 2269 in
706 2210 810 2270 lucem
835 2208 924 2282 dedi,
950 2209 1073 2289 potissi·
1156 2292 1159 2297 .

105 2326 186 2369 mum
195 2309 392 2392 deprompta.

146 2434 156 2463 ‹
170 2410 364 2491 Zyroricinm
380 2412 486 2493 itaque
499 2430 600 2493 pagus
613 2421 660 2473 est
674 2413 867 2493 palatinatus
881 2413 1075 2494 Novogrode

106 2514 198 2575 censis
206 2514 238 2574 in
255 2514 445 2587 Lithuania,
461 2516 493 2575 in
509 2532 575 2596 quo
588 2514 730 2576 exstabat
745 2528 858 2597 praeter
871 2516 991 2589 aedem,
1016 2534 1074 2598 pro

106 2617 195 2691 gentis
209 2636 313 2691 more,
330 2626 496 2679 venustam
510 2627 542 2679 et
559 2617 731 2697 grandem,
745 2620 973 2681 monasterium
986 2620 1071 2700 quod

106 2718 235 2794 regulam
248 2718 280 2780 S.
295 2719 400 2779 Basilii
413 2719 515 2798 Magni
539 2720 687 2800 professi,
712 2719 848 2801 Sedique
870 2728 901 2781 et
922 2720 993 2782 lidei
1013 2722 1073 2782 Ro·

107 2835 197 2881 manae
222 2821 324 2895 uniti,
354 2822 520 2883 coenobitae
536 2823 716 2885 incolebant
736 2823 809 2885 inde
833 2842 850 2885 a
881 2823 1074 2904 temporibus

107 2918 133 2979 B.
148 2922 317 3004 losaplrati.
337 2923 371 2983 ln
393 2924 512 3005 templo
530 2925 706 2985 etiamnum
727 2934 869 2987 servatur
888 2926 992 3004 imago
1006 2925 1073 3005 jam

106 3020 192 3099 dieta,
208 3026 343 3108 lapidea,
360 3028 454 3089 molis
468 3028 605 3107 exiguae,
623 3036 717 3108 atque
732 3035 767 3089 ut
781 3029 928 3091 nonnulli
939 3034 1070 3108 putant,

106 3126 229 3208 elapide
242 3128 367 3207 griseo;
381 3129 414 3188 in
429 3128 520 3209 eujus
532 3128 654 3190 ambitu
669 3148 804 3209 sequens
817 3130 931 3210 legitur
946 3131 1073 3212 inscrip-

8 3215 9 3298 {
105 3226 187 3291 tinea
200 3231 329 3309 liturgia
342 3229 374 3293 S.
388 3230 520 3292 loannis
543 3231 754 3311 chrysostomi
772 3233 938 3295 slavonicis
959 3234 1071 3295 litteris

104 3346 257 3412 expressa:
279 3334 335 3409 Te,
351 3334 593 3397 venerabiliorem
603 3354 670 3416 pree
685 3336 862 3413 Cherubim,
877 3346 906 3398 et
918 3337 1070 3419 ploriosio·

8 3511 9 3518 ,
103 3450 233 3514 remprce
243 3435 422 3517 Seraphim,
438 3454 506 3516 pure
518 3437 582 3497 sine
598 3436 663 3498 lube
685 3437 810 3500 Verbum
841 3440 1067 3521 erumperem,
1158 3484 1160 3489 -

8 3567 9 3572 κ
103 3552 191 3597 ceram
218 3539 402 3620 Deiporom,
435 3542 669 3621 mopnifieomas.
695 3543 787 3621 llanc
809 3544 842 3605 in
865 3545 968 3607 vicina
991 3546 1070 3609 silva

102 3634 299 3716 Zyroviciensi
315 3641 346 3722 (a
363 3660 438 3705 voce
455 3664 521 3725 rpr,
533 3645 640 3706 latinis
648 3664 769 3725 pasena,
780 3649 975 3729 nuncupata)
989 3649 1071 3711 inve·

8 3743 9 3749 ’
102 3754 168 3801 nere
181 3752 321 3823 pastores
332 3745 402 3826 piro
414 3746 626 3820 insistentem,
645 3746 764 3827 absque
785 3746 887 3811 fulcro
895 3758 926 3811 ct
943 3749 1069 3831 fulgen-

102 3842 291 3910 tissimaluce
304 3848 490 3911 radiantem.
505 3850 634 3912 Inventa
643 3858 689 3911 est
703 3868 767 3913 non
778 3852 838 3913 sub
849 3870 969 3914 annum
979 3858 1066 3927 1566,

101 3948 241 4011 utminus
255 3948 405 4012 adcurate
419 3951 624 4014 mandaverat
637 3950 677 4013 ad
696 3952 997 4034 Gumppenbergum
1011 3956 1069 4019 Al-

101 4042 199 4111 bertns
210 4051 406 4133 Kojaloviez,
421 4070 480 4114 nec
494 4070 580 4115 anno
599 4057 690 4122 1191,
711 4062 746 4115 ut
761 4055 881 4135 patenti
891 4064 922 4117 et
937 4057 1068 4119 immani

101 4154 335 4218 anachronismo
348 4154 479 4218 tradidit
488 4156 664 4219 Demetrius
673 4156 833 4232 Debolski‚
843 4156 939 4221 domo
947 4178 1065 4237 russas,
