3259 5484
897 648 1094 718 -2l6-

509 800 675 884 desperem
697 802 847 877 habitus,
879 821 953 867 cum
976 820 1042 865 sese
1069 804 1210 888 impense
1232 805 1489 869 commendasset

509 907 543 969 Β.
558 907 687 989 martyri
697 908 860 993 Jcaaphat,
875 910 968 993 plene
978 907 1489 992 vigilansadspeotabilemhabuit

509 1008 694 1093 audivitque
719 1010 877 1075 dicentem
905 1032 912 1073 :
941 1012 1001 1081 En,
1024 1011 1095 1094 puio
1124 1010 1266 1073 invocasti
1288 1030 1344 1084 mc,
1366 1009 1486 1071 odeum.

508 1116 594 1179 Habe
602 1137 691 1201 spem
705 1127 812 1201 puter,
836 1120 869 1181 in
892 1120 1017 1183 Dentino
1029 1120 1171 1203 firnmm:
1189 1138 1258 1181 nom
1280 1118 1335 1181 huc
1349 1118 1410 1181 vice
1425 1138 1487 1200 non

508 1220 654 1284 meria.
680 1222 851 1286 Veritatem
874 1222 1032 1287 dictorum
1057 1221 1194 1285 firmavit
1217 1238 1291 1283 mox
1316 1220 1488 1283 subsecuta
1602 1286 1603 1289 ,

508 1322 672 1387 sanitas».
697 1325 855 1389 Hactenus
881 1326 988 1389 Drews
1013 1334 1118 1389 noster
1147 1324 1181 1387 in
1204 1325 1303 1387 Fastis
1325 1324 1488 1387 Societotis

507 1427 592 1498 lecu,
605 1446 637 1511 p.
656 1432 730 1504 tat,
745 1428 795 1493 ed.
811 1428 1017 1510 Brunsbergae
1031 1432 1118 1493 1723.

547 1547 649 1611 Aliam
658 1567 788 1631 quoquc
797 1550 1011 1613 narrationem
1027 1548 1207 1633 suppeditat
1216 1548 1308 1611 nobis
1321 1547 1404 1610 idem
1416 1564 1489 1608 auc·

509 1659 568 1714 tor.
582 1651 746 1726 «Pomone,
755 1652 811 1730 ait,
822 1658 1004 1729 annol650,
1016 1654 1049 1716 P.
1062 1652 1201 1715 Adamas
1210 1650 1385 1723 Cieoierski‚
1398 1649 1429 1711 S.
1442 1650 1460 1711 J
1465 1698 1485 1721 .,
1607 1674 1608 1695 κ

508 1755 656 1837 polonus,
670 1754 714 1819 ad
725 1756 875 1837 pietatem
890 1766 1068 1839 promptus,
1084 1755 1125 1819 ad
1136 1754 1347 1838 expediendas
1358 1772 1375 1815 e
1388 1753 1487 1815 vitio·
1607 1767 1609 1789 ²

509 1876 581 1921 rum
601 1854 690 1921 cano
710 1858 835 1921 animas
857 1858 1037 1922 destertuit
1047 1879 1056 1933 ;
1080 1857 1229 1921 infestum
1243 1856 1303 1920 sibi
1318 1864 1488 1940 propterca

508 1959 685 2023 damonem
697 1978 818 2043 passus,
836 1960 890 2025 sed
902 1962 1204 2027 laciledebcllatum.
1222 1961 1484 2042 Paralysitactus‚

508 2066 681 2147 putabatur
705 2086 771 2129 non
796 2069 907 2150 procul
934 2068 1042 2132 abesse
1071 2069 1112 2131 ab
1137 2068 1213 2131 bora
1242 2078 1381 2130 extrema
1388 2088 1398 2142 3
1430 2067 1485 2129 scd

508 2168 542 2229 Β.
566 2166 718 2251 Iosophat
731 2170 760 2232 el
773 2168 980 2252 spectandum
1005 2189 1038 2233 sc
1065 2170 1229 2246 exhibens,
1257 2168 1361 2233 adbuc
1383 2166 1485 2231 trien·

509 2269 601 2333 nium
615 2270 862 2353 vitaepromisit3
878 2289 944 2353 quo
958 2272 1112 2347 elabente,
1136 2272 1188 2354 pie
1214 2271 1356 2345 decessit,
1384 2271 1486 2333 oculis

509 2376 699 2460 plerumque
725 2378 854 2441 intentis
878 2380 910 2442 in
937 2398 1007 2443 eam
1035 2380 1142 2443 lectuli
1164 2388 1297 2463 partem,
1326 2380 1380 2442 ubi
1406 2380 1483 2443 olim

507 2490 713 2562 cotrspexerat
733 2479 764 2542 b.
788 2488 974 2563 martyrem,
991 2479 1071 2544 sorte
1092 2489 1168 2545 tunc
1187 2482 1282 2544 etiam
1298 2490 1484 2565 praesentem

510 2580 583 2663 (θίν’
596 2582 689 2644 Festi
701 2583 861 2645 Societutis
879 2584 964 2659 lesu,
989 2600 1060 2666 pag.
1076 2585 1161 2666 470).
1190 2654 1198 2665 ,

415 2736 437 2767 n.
476 2754 483 2770 .
549 2705 594 2768 De
606 2704 799 2781 Alexandro,
817 2705 1030 2769 illustrissimo
1046 2706 1229 2789 principum
1249 2704 1482 2768 Zaslaviensum

380 2816 394 2910 ᾗ
447 2818 484 2848 ·’·
510 2807 552 2869 ab
574 2805 685 2888 Ostrog
702 2816 906 2883 ornamento,
924 2807 991 2871 fuse
1012 2806 1136 2871 disserit
1161 2807 1189 2869 J.
1215 2805 1310 2869 Susza
1330 2806 1363 2867 in
1389 2824 1483 2888 opere

510 2908 655 2990 superius
671 2909 777 2973 citato.
792 2909 854 2974 Ubi
872 2910 968 2973 etiam
983 2909 1124 2992 perbelle
1143 2908 1205 2989 legi
1220 2907 1335 2990 poterit
1352 2906 1482 2989 epistola

509 3009 595 3091 ejus,
617 3008 657 3073 ad
679 3010 839 3075 blelctium
855 3011 1073 3075 Smotriscium
1099 3010 1187 3085 data;
1207 3027 1272 3093 qua
1296 3011 1433 3093 perlecta
1453 3016 1483 3071 et

377 3180 380 3188 ¹
449 3178 454 3188 Ι
509 3113 665 3174 maturius
692 3131 847 3196 perpensa
873 3114 994 3177 vinctas
1016 3114 1143 3176 tandem
1166 3132 1279 3175 manus
1295 3110 1382 3175 dedit
1395 3112 1483 3174 llele

509 3214 591 3290 tius,
607 3223 702 3297 atque
715 3216 868 3279 unionem
882 3235 956 3279 cum
967 3217 998 3279 S.
1018 3216 1053 3279 ll.
1069 3217 1104 3278 ll.
1125 3224 1191 3279 toto
1205 3214 1301 3279 corde
1318 3215 1481 3297 amplexus

508 3328 564 3382 est.

548 3496 704 3560 Coronam
732 3497 846 3580 opellae
881 3496 956 3559 huic
983 3495 1210 3577 qualicumque
1237 3494 1403 3575 imponant
1431 3511 1478 3553 se-

507 3614 642 3690 quentes
669 3607 814 3669 versiculi
840 3606 872 3673 in
893 3605 987 3669 verba
1012 3604 1128 3667 omes
1140 3601 1238 3667 mem!
1252 3621 1270 3665 a
1283 3602 1434 3684 iosaphat
1448 3600 1478 3663 in

443 3796 447 3801 Α
470 3796 473 3801 ¹
508 3716 610 3773 morte
623 3708 747 3791 prolata
761 3728 773 3769 :-

546 3906 699 3989 iosaphat
716 3904 842 3985 irriguae
859 3904 1051 3967 madefactus
1063 3902 1216 3983 sanguine
1228 3901 1340 3983 plagae,

629 4009 755 4084 ODeus,
769 4016 909 4073 extremo
923 4014 1150 4091 personatum,
1166 4003 1262 4067 meus!
