3259 5484
486 743 666 814 ...19-

79 901 205 972 unitos
227 902 320 973 inter
335 908 370 972 et
385 903 627 974 schismaticos
642 903 894 984 controversis,
912 909 949 973 et
963 904 1062 974 suavi

80 1019 117 1083 ct
139 1012 187 1082 ad
212 1020 355 1106 captum
381 1013 475 1083 facili
495 1014 631 1085 rationo
666 1037 831 1086 enarrare
851 1016 904 1085 illi
922 1017 1064 1112 perire·

79 1147 200 1216 quens
224 1125 302 1195 fuit.
326 1128 364 1194 ln
384 1127 471 1207 loro,
496 1127 639 1219 plateis,
663 1127 914 1222 domibusque,
939 1129 976 1198 in
996 1129 1063 1199 viis
1115 1164 1177 1210 ω...
1191 1165 1307 1211 ,nm

79 1239 210 1319 etiam,
229 1260 294 1331 per
308 1239 518 1320 diversoria,
535 1239 637 1309 villas
657 1246 693 1310 et
714 1240 862 1333 oppida,
885 1241 1063 1335 simplices

81 1373 250 1444 quoque,
278 1357 339 1421 aut
372 1351 566 1422 orationem
596 1352 830 1434 homirnam,
866 1362 929 1424 aut
956 1355 1062 1424 fidem

82 1468 246 1532 sanctam
261 1462 425 1544 edocere,
447 1462 485 1532 in
506 1462 642 1533 deliciis
660 1463 796 1534 habuit.
814 1465 902 1535 llinc
915 1465 993 1546 alii,
1019 1467 1062 1537 de
1116 1513 1129 1544 ο
1192 1512 1204 1542 v
1247 1511 1299 1542 0³0.

81 1575 297 1668 parentibus
331 1576 438 1646 etiam
471 1576 729 1658 schismaticis,
764 1577 807 1646 ad
834 1577 1059 1671 religionem,

83 1687 143 1756 alii
165 1689 213 1757 ad
233 1688 440 1758 catholicam
457 1689 623 1759 unionem
645 1690 754 1760 lluere
776 1689 882 1760 toties
896 1689 974 1760 visi.
995 1694 1064 1760 Nec

82 1829 246 1899 unquam
270 1805 372 1876 aliter
393 1808 542 1888 factum,
565 1806 621 1876 oui
636 1806 691 1876 vel
711 1806 792 1898 joco
814 1806 963 1877 dixisset
983 1828 1064 1876 eum

84 1919 249 1988 futurum
265 1918 416 1988 unitum.
436 1916 628 1986 lnhibitum
645 1917 827 2010 proindea
849 1916 943 1987 clero
957 1917 1065 1986 schis-

85 2031 236 2110 maticO,
255 2050 299 2099 ne
314 2029 368 2098 sui
391 2028 533 2098 asseclae
548 2027 656 2098 verbo
668 2030 898 2120 Josaphatum
913 2029 1065 2122 compel-

87 2141 203 2210 larent
236 2164 243 2208 :
275 2140 370 2232 quod
402 2145 542 2231 gentem
577 2161 674 2208 suam
704 2145 935 2232 perverteret.
967 2144 1066 2223 Qua-

87 2259 277 2346 proptera
300 2251 482 2321 catholicis
505 2251 669 2341 (lupellum
699 2251 996 2331 schismaticorum,
1020 2250 1065 2319 ab
1092 2284 1189 2328 sm.
1215 2283 1337 2327 me.

88 2367 142 2435 his
152 2365 365 2446 Duozochuot,
379 2366 835 2455 hocestruptoronr'murum,
844 2363 1063 2435 dicimeruit.
1172 2360 1251 2391 ‘mm‘

89 2479 188 2560 Quod
203 2497 374 2558 scomma,
389 2483 429 2546 ut
438 2477 603 2568 plausum
618 2475 781 2557 haberet,
797 2477 833 2544 in
849 2499 919 2545 una
932 2476 1068 2546 eadem·

89 2611 158 2680 que
179 2589 313 2660 tabella
332 2588 480 2681 Hypatio
492 2587 616 2680 Pociey
636 2587 899 2681 archiepiscopo
914 2594 951 2658 et
963 2593 1068 2658 Jose-

91 2705 160 2795 pho
185 2703 349 2783 Rutscio‚
373 2703 409 2770 in
436 2725 586 2796 persona
613 2702 772 2794 quolibet
794 2724 859 2772 sua
881 2707 918 2771 et
942 2699 1066 2769 habitu

91 2816 259 2909 depictis,
276 2819 504 2909 Josaphatum
520 2815 663 2908 maligni
679 2813 975 2908 spiritusspecie,
994 2833 1068 2883 ror·

91 2927 197 2998 nibus
211 2927 514 3021 prominentibus,
530 2927 617 2997 facie
632 2927 852 3007 truculenta,
870 2948 960 2996 unco
975 2926 1069 2995 dex-

92 3047 155 3112 trae
189 3041 312 3111 manui
350 3041 537 3134 imposito,
580 3062 651 3133 quo
689 3041 866 3134 subjectas
905 3039 1068 3110 trahebat

92 3151 246 3234 animas,
275 3174 355 3223 oum
382 3153 547 3222 lemmate
576 3153 793 3234 Buamchcot,
825 3154 1065 3223 efformavere.

94 3263 226 3333 Gaudio
241 3263 382 3354 gavisus
394 3265 564 3355 Josaphat
582 3263 706 3333 avebat
731 3263 981 3334 contumeliam
1003 3284 1068 3355 pro

94 3374 235 3444 nomine
267 3379 349 3444 Jesu
380 3374 476 3466 pali;
511 3374 743 3444 schismaticis
770 3381 889 3444 autem
916 3374 1064 3444 aiebat:

98 3483 231 3555 Utinam
250 3507 358 3554 omncs
372 3495 493 3556 oestrus
505 3488 635 3555 animos
653 3487 697 3554 od
715 3487 819 3555 Deum
840 3507 999 3576 raperem.

137 3601 206 3668 Nec
228 3621 313 3668 uero
343 3598 527 3668 minusad
555 3599 660 3669 fidem
688 3604 861 3679 sanctam,
891 3620 998 3691 quam
1024 3598 1068 3668 ad

95 3731 234 3780 omnem
261 3711 493 3804 probitatem,
522 3733 602 3781 cum
628 3713 735 3782 odore
759 3734 833 3781 sure
862 3711 960 3792 vitae,
992 3718 1068 3781 tum
1109 3734 1201 3779 aalma
1218 3731 1327 3785 renuo

97 3829 212 3898 suavis
227 3827 372 3921 alloquii
392 3827 520 3920 gratia,
540 3829 708 3919 Josaphat
730 3827 891 3898 homiues
912 3828 1070 3898 deduce—

96 3944 166 4015 bat.
191 3946 293 4028 ⁴l'eliu
317 3946 411 4016 enim
437 3967 584 4017 munere
602 3944 834 4038 presbyterii,
861 3967 942 4016 cum
968 3950 1071 4014 antea

97 4057 172 4127 aliis
193 4059 355 4130 confiteri
370 4065 514 4152 peccata
533 4058 748 4151 poenitentes
771 4058 972 4141 induceret,
995 4069 1071 4128 tum

98 4168 354 4261 frequentiores
382 4171 549 4262 precihus
575 4177 610 4240 et
635 4170 799 4262 lacrymis
823 4169 1004 4249 inductos,
1032 4176 1073 4238 ut
