3259 5484
484 645 684 717 -lac-

116 804 225 885 misso,
253 806 446 898 quidquam
475 806 633 896 adjutus,
670 805 787 874 animo
815 802 1067 895 linquebatur,

114 938 166 1005 per
201 917 432 1008 septimanam
474 916 656 985 insomnis.
701 914 844 985 Interim
886 913 1071 983 invocabat

112 1026 532 1106 lleum,misererctursni,
546 1024 1070 1117 doloresrnitigaret.Auditqoc
1098 1000 1342 1140 nrvrniqqppon'u-

112 1149 241 1229 repente
257 1141 301 1207 ad
316 1146 422 1230 caput
439 1162 555 1219 suurn,
580 1141 663 1208 durn
676 1139 811 1230 jaceret
832 1136 926 1229 vigil,
950 1158 1069 1206 vocent
1247 1128 1251 1139 '

112 1251 279 1320 ruthenice
295 1252 499 1341 loquentem
517 1275 524 1319 :
543 1252 651 1332 Quare
664 1273 729 1318 non
755 1252 884 1319 invocas
901 1250 1071 1340 archiepi-

110 1379 222 1449 scopum
250 1362 462 1445 Polocensem,
485 1363 545 1450 qui
559 1385 619 1451 pro
647 1370 675 1429 te
696 1362 800 1429 Deum
823 1369 889 1429 oret
909 1360 1069 1429 lNomcn

110 1469 159 1540 ille
178 1473 365 1564 ignorans,
393 1472 581 1564 aliquoties
602 1473 808 1565 prolocutus
825 1496 832 1540 :
847 1472 944 1541 Beate
963 1472 1071 1541 archi-

108 1586 245 1674 episcope,
259 1565 320 1652 cra
334 1606 464 1673 prom,
479 1590 514 1653 et
537 1575 761 1652 obdormivit.
783 1586 912 1651 Somno
926 1581 1071 1652 relocil-

110 1694 199 1774 lalos,
217 1718 289 1764 non
304 1695 456 1786 amplius
471 1695 627 1763 dolorem
643 1693 765 1762 sensit.

145 1812 194 1881 83.
221 1816 330 1882 Paulo
349 1814 514 1906 superius
539 1813 722 1882 niernorati
742 1813 885 1881 Joaunis
900 1813 1069 1903 Chodycae

108 1927 245 2019 conjugi,
263 1928 459 2019 Margaritae
475 1927 709 2006 Trudnianka,
727 1948 819 1995 anno
839 1925 933 2005 1637,
949 1926 985 1993 in
1001 1927 1069 1995 linc

104 2036 182 2125 julii,
209 2061 251 2107 cx
277 2040 401 2107 morbo
426 2040 606 2132 quopiarn,
633 2040 741 2108 facies
772 2039 860 2107 adeo
885 2039 1065 2117 intumuit,

108 2159 139 2217 ut
160 2154 288 2232 oculos,
317 2162 353 2222 et
375 2177 415 2222 os
440 2154 665 2233 concluserit,
689 2177 729 2224 ac
751 2154 809 2222 vix
830 2154 976 2233 intueri,
1005 2176 1068 2223 nec

107 2262 197 2332 edere
213 2272 292 2332 octo
307 2265 434 2333 diebus
455 2265 521 2332 sibi
545 2265 695 2333 licuerit.
719 2264 843 2356 Igitur,
867 2266 924 2333 tlie
947 2270 1068 2333 octava

106 2377 231 2465 augusti
253 2376 446 2445 invisuram
473 2399 510 2446 se
531 2377 649 2457 vovit,
671 2399 762 2445 nona
780 2399 825 2446 ex
848 2384 928 2446 voto
948 2377 1068 2445 invisit

106 2488 257 2577 martyris
294 2490 521 2580 sepulcrum,
551 2501 658 2579 atque
685 2490 734 2557 ita
776 2492 897 2559 valens
923 2491 1066 2558 domuin

106 2600 274 2679 remeavit,
295 2608 334 2669 nt
348 2623 440 2692 aegra
457 2602 565 2671 fnisse
585 2623 766 2693 nunquam
781 2610 996 2672 censeretur.

141 2710 191 2780 84.
216 2714 385 2783 Absolute
396 2736 580 2807 processu,
597 2738 688 2784 anno
704 2717 873 2809 praedicto
892 2717 990 2798 1637,
1007 2741 1066 2787 an·
1106 2757 1324 2813 Cppqflmmp„

103 2824 187 2911 gusti
212 2826 251 2893 al
281 2826 360 2905 die,
398 2828 582 2918 apostolici
610 2824 841 2896 commissarii
870 2831 913 2897 ad
937 2850 1066 2920 corpus
1133 2819 1295 2873 l⁰⁵¹¹⁵'“”0⁸·

103 2940 256 3029 martyris
299 2940 489 3009 videndum
533 2942 569 3009 in
609 2941 793 3010 ecclesiam
831 2942 1062 3011 descendunt.

103 3052 332 3144 llenaotisque·
369 3054 549 3122 nonnullis
595 3054 779 3132 iconibus,
826 3053 1062 3146 sepulcretuni

102 3157 337 3229 claudentibus
362 3162 683 3253 tabulis,·insuper
707 3168 742 3230 et
769 3161 877 3240 seriS,
905 3161 1063 3229 tumbam

103 3270 165 3338 tela
200 3274 409 3343 damascena
451 3296 629 3365 purpurea
666 3281 794 3343 tectam
835 3281 1061 3365 aperuerunt.

100 3383 224 3472 Corpus
246 3407 385 3453 sacrum
410 3385 577 3453 vestitum
604 3385 853 3483 episcopaliter
875 3393 929 3454 est
947 3408 1065 3478 reper-

103 3499 169 3559 tum
187 3518 194 3575 ;
217 3497 278 3564 sed
293 3496 504 3565 vestimenta
519 3497 554 3563 in
569 3498 732 3589 pulveres
747 3508 783 3566 et
797 3499 1000 3589 particulae,
1019 3499 1066 3573 ob.
1172 3538 1173 3542 ¹

101 3603 207 3675 locum
218 3608 415 3689 humidum,
429 3610 610 3679 dissoluta.
624 3611 758 3693 Quibus
769 3611 926 3702 abjectis
941 3613 1065 3681 decen-

102 3724 160 3798 ter,
186 3729 225 3789 ut
243 3744 308 3813 par
335 3722 413 3801 fuit,
447 3722 547 3791 novis
572 3723 747 3791 indutum.
762 3724 864 3792 Mitra
885 3725 1060 3815 deposita,

99 3832 237 3922 capillos
252 3834 397 3926 acapite
415 3836 615 3916 defluxisse,
634 3842 669 3904 et
682 3836 717 3903 in
729 3836 893 3928 pulveres
908 3836 1037 3905 abiisse
1054 3861 1061 3919 ;

99 3946 155 4011 sed
180 3968 293 4026 carne,
323 3957 359 4015 et
388 3955 468 4017 cute
499 3948 667 4017 vestitum
692 3948 960 4039 integrumque,
992 3972 1065 4019 cer·

98 4055 195 4124 viculi
210 4081 388 4149 purpureo
408 4062 646 4153 superjacens,
665 4054 744 4130 cnm
764 4061 912 4131 vulnere
928 4063 1061 4142 lethali,

941 4179 956 4229 a
