3259 5484
467 677 668 747 -189-

94 834 244 897 extabulis
263 835 478 898 ecclesiasticis
492 844 523 899 et
545 856 583 899 ex
602 838 847 919 martyrologiis
868 847 903 902 ut
921 840 1059 905 animad-

93 937 173 998 vertit
185 936 215 999 S.
233 937 401 1019 Gregorius
414 939 557 1002 Nazianz.
574 939 615 1001 ad
625 940 755 1003 lulium.

126 1038 193 1102 ldeo
211 1040 299 1103 haud
313 1042 524 1122 incongruum
548 1063 615 1106 esse
638 1045 906 1123 existimavimus,
922 1048 1059 1111 breviter

93 1140 195 1203 referre
210 1143 317 1224 aliqua
336 1144 509 1219 miracula,
526 1165 597 1227 quae
611 1146 753 1209 divinam
774 1149 945 1228 potentiam
961 1150 1060 1214 inter-

93 1244 221 1305 cessione
243 1246 322 1307 servi
347 1247 400 1308 Dei
421 1247 573 1330 iosaphat
596 1259 757 1331 operatam
781 1249 895 1326 luisse,
912 1262 1061 1316 enarrant

93 1346 189 1426 plures
202 1358 309 1422 testes,
324 1360 360 1412 ut
371 1370 409 1412 ex
422 1352 626 1415 ventilatione
639 1371 804 1435 processus
818 1372 876 1417 nos
890 1354 1061 1438 deprehen·

93 1446 206 1525 dimus,
223 1459 255 1513 et
270 1471 288 1513 a
302 1470 403 1514 causae
418 1453 583 1533 agentibus
597 1454 824 1519 deducebatur.

125 1551 149 1611 Α
162 1552 250 1616 lluxu
270 1555 356 1615 enim
378 1555 541 1635 sanguinis
554 1575 649 1637 quem
668 1577 779 1639 passus
792 1559 893 1623 fuerat
907 1580 964 1643 per
977 1562 1057 1625 duos

93 1669 200 1729 annos,
216 1667 291 1721 voto
306 1658 346 1720 ad
361 1659 441 1720 servi
456 1658 510 1719 Dei
524 1660 704 1742 sepulcrum
717 1672 889 1745 concepto,
908 1682 940 1727 se
952 1664 1061 1728 libera·

93 1758 153 1815 tum
165 1755 278 1833 luisse,
294 1761 337 1821 ait
350 1760 436 1821 testis
449 1764 504 1835 503
519 1768 550 1821 et
562 1760 724 1824 abeodem
736 1763 865 1838 morbo,
880 1783 975 1846 quem
988 1766 1062 1827 irre·

93 1857 285 1926 mediabilem
312 1862 424 1925 medici
451 1863 620 1942 dixerunt,
642 1864 820 1930 Susannam
842 1868 1059 1943 convaluisse,

93 1967 157 2021 roto
178 1962 218 2025 ad
245 1983 371 2027 servum
393 1964 446 2027 Dei
468 1966 599 2040 emisso,
626 1973 757 2030 testatur
780 1973 819 2032 66
843 1970 948 2044 testis,
973 1979 1062 2052 pater

94 2061 255 2145 Susanna,
287 2068 343 2150 qui
367 2075 414 2130 est
438 2069 570 2131 nuntius
595 2068 764 2152 deputatus
792 2090 851 2154 pro
877 2070 1061 2134 fabricando

94 2182 243 2258 processu.
267 2169 452 2251 Cujusmodi
473 2170 595 2233 sanatio
608 2165 763 2235 ufiraculo
785 2172 941 2256 adscripta
957 2171 1016 2236 fuit
1029 2174 1061 2234 in

95 2254 238 2362 delatione
252 2279 287 2341 S.
304 2279 494 2361 Rcymuadc',
511 2282 543 2341 ia
557 2284 577 2344 6
591 2282 744 2345 miracula.

129 2378 173 2440 lb
187 2384 389 2466 ophthalmia
398 2392 428 2446 et
438 2393 578 2448 extremo
591 2386 758 2449 oculorum
768 2386 880 2449 morbo
895 2385 1020 2447 sanitati
1031 2404 1063 2446 se

95 2484 244 2549 restitutos
258 2486 372 2561 fuisse,
388 2486 553 2569 deponunt
568 2492 605 2549 ta
620 2496 651 2549 et
663 2493 701 2549 27
718 2496 810 2549 testes
827 2509 833 2548 τ
851 2487 921 2561 ille,
939 2495 1011 2549 voto
1023 2486 1063 2548 ad

96 2598 211 2649 mirum
232 2589 287 2650 Dei
302 2598 472 2670 concepto,
495 2589 548 2652 hic
568 2597 655 2652 tactu
675 2588 769 2651 cilicii
793 2588 945 2671 ejusdem.
962 2591 1062 2661 Quam

96 2687 221 2755 similem
244 2694 440 2756 sanationem
461 2694 683 2757 miraculosam
697 2712 778 2768 esse,
804 2692 925 2755 dictum
948 2691 1007 2754 luit
1030 2692 1062 2753 in

97 2790 241 2858 dotatione
254 2796 288 2857 S.
302 2796 469 2858 dl'eaciscoe
488 2798 638 2873 Rooccnca,
654 2796 686 2856 in
700 2799 719 2858 3
738 2794 885 2855 miraculo
905 2801 972 2876 post
991 2813 1064 2879 mor-

98 2899 167 2971 tem,
182 2898 214 2958 in
228 2898 382 2960 delatione
395 2900 435 2961 B.
456 2898 572 2961 Thomu
594 2897 629 2959 de
655 2897 808 2959 Vc'llancou
821 2946 828 2972 ‚
843 2897 905 2957 ind
920 2896 1064 2957 miraculo

95 3006 152 3073 pest
173 3010 310 3078 mortem,
326 3010 356 3063 et
379 3002 411 3062 in
436 3002 592 3065 delatione
610 3000 646 3065 S.
666 2999 785 3076 Caroli,
801 2998 945 3063 miraculo
958 3008 1065 3081 quarto

94 3108 296 3173 postmortem.

131 3211 175 3275 tib
189 3224 328 3279 extremo
344 3216 506 3298 paralysiae
521 3216 633 3279 morbo
652 3233 685 3277 se
705 3221 852 3277 curatum
865 3212 958 3276 luisse
974 3214 1065 3275 inter·

98 3317 226 3381 cessione
238 3320 401 3402 losaphati
415 3319 581 3402 profitetur
595 3318 680 3380 testis
691 3322 710 3381 8
722 3326 752 3379 et
766 3317 807 3379 ab
826 3314 936 3379 eodem
951 3315 1063 3379 morbo

99 3418 192 3480 statim
207 3420 375 3482 liberatum
390 3418 485 3483 fuisse
503 3420 645 3481 nobilem
658 3420 863 3483 Polocensem
885 3427 970 3481 tactu
991 3427 1064 3481 stro

98 3515 190 3593 phioli
209 3523 296 3586 tincti
317 3525 470 3603 sanguine
484 3523 565 3586 servi
579 3523 652 3598 Dei,
670 3532 777 3586 narrat
792 3523 878 3585 testis
892 3527 948 3598 53,
963 3532 1065 3585 rector

98 3620 211 3705 collegii
231 3625 499 3701 Societatislesu;
513 3626 596 3689 etde
617 3626 802 3689 liberatione
825 3625 880 3688 lilii
897 3626 937 3687 ab
954 3625 1064 3687 eadem

99 3716 272 3789 infirmitate
283 3728 412 3811 deponit
425 3728 511 3791 testis
523 3733 573 3791 23.
590 3729 690 3803 Quam
704 3729 870 3791 sanitatem
885 3728 964 3789 citra
976 3728 1066 3789 mira·

99 3826 197 3891 culum
211 3830 300 3893 reddi
315 3850 378 3894 non
396 3850 504 3913 posse,
519 3832 713 3918 medicorum
723 3830 843 3913 judicio
857 3839 888 3893 et
905 3830 1064 3911 dogmati-

99 3920 152 3990 bus
162 3932 335 3996 resolutum
349 3932 409 3995 fuit
422 3934 454 3996 iu
470 3934 622 4018 Retotc'one
641 3935 681 3997 B.
707 3933 820 3996 Thomu
833 3931 867 3993 de
889 3932 1063 4010 Villaaeva,
1085 4014 1089 4023 ῃ

98 4029 231 4095 miraculo
243 4034 367 4115 septime
375 4044 443 4116 post
456 4044 596 4115 mutem,
611 4043 642 4098 et
653 4036 729 4098 ¹facit
741 4036 849 4099 Matth.
872 4056 899 4097 c.
917 4040 935 4099 9
950 4046 981 4097 et
994 4035 1060 4098 Act.

100 4126 195 4213 lpost.
212 4155 240 4199 c.
256 4141 285 4199 9.
