3259 5484
455 956 458 961 ,
558 898 632 943 nem
646 897 744 962 prope
753 878 909 953 divinum,
925 878 1011 961 quod
1031 888 1145 941 tenerae
1164 882 1264 943 aetatis
1284 882 1526 946 stabilimentum

557 980 701 1061 religiose
709 980 821 1061 egendi
833 980 990 1044 celeritate
1000 983 1208 1063 praecurrerit,
1222 983 1410 1065 insolitoque
1427 984 1528 1046 trium·

557 1083 613 1165 phi
628 1101 752 1163 genere,
769 1083 948 1145 christianae
961 1082 1086 1165 pictatis
1099 1084 1205 1147 hostes
1220 1084 1345 1159 fuderit,
1363 1095 1527 1167 antequam
1620 1080 1621 1141 i

556 1194 671 1261 nosset,
685 1186 811 1248 vivendi
823 1186 1054 1269 propemodum
1069 1186 1211 1268 ignarus,
1226 1188 1372 1251 vincendi
1388 1189 1528 1271 peritissi·
1620 1182 1621 1201 ¹

556 1306 638 1352 mus.
650 1288 907 1351 Virtutesomnes
921 1289 961 1350 ab
973 1289 1049 1371 ipsis
1062 1308 1142 1371 pene
1155 1291 1355 1354 incunabulis
1368 1294 1529 1374 amplexus
1620 1298 1621 1383 l

556 1393 616 1457 luit
637 1392 883 1467 studiosissime,
900 1394 944 1457 ita
958 1402 1079 1468 tamen,
1094 1396 1230 1459 utnulla
1244 1416 1386 1478 unquam
1402 1398 1530 1459 senserit
1620 1386 1621 1461 i

556 1496 711 1559 elementa
724 1495 889 1557 uirtutum.
904 1495 1065 1571 Modestia,
1083 1496 1233 1577 gravitas,
1251 1498 1348 1559 animi
1363 1496 1528 1571 demissio,
1620 1502 1621 1567 l

557 1598 772 1661 humanarum
794 1616 899 1661 rerum
920 1607 1135 1681 contemptus,
1151 1616 1241 1661 amor
1254 1598 1451 1673 divinarum,
1469 1618 1529 1661 non
1620 1594 1621 1667 i

557 1709 592 1765 ut
603 1708 713 1763 tenues
724 1700 758 1763 in
773 1700 842 1782 ipso
856 1700 1077 1782 promicahant
1090 1700 1248 1774 scintillae,
1266 1700 1319 1762 sed
1336 1710 1371 1763 ut
1385 1701 1475 1764 effusi
1488 1720 1531 1762 co

557 1801 828 1869 ruscabantradii.
1620 1802 1621 1813 ’

597 1905 727 1969 Virilem
739 1906 846 1987 itaque
861 1905 893 1967 in
905 1905 1039 1987 pueritia
1052 1906 1247 1969 sanctitatem
1261 1956 1268 1981 ,
1286 1907 1317 1968 in
1328 1908 1400 1969 ritae
1414 1926 1532 1989 crepas

478 2042 481 2046 >
557 2006 631 2073 culo
642 2005 850 2069 meridianam
862 2005 1037 2088 prudentie
1052 2006 1170 2080 lucem,
1191 2006 1328 2070 fructum
1346 2008 1532 2070 maturitatis

557 2117 591 2179 in
602 2118 679 2179 llore
688 2116 880 2199 juventutis,
897 2115 929 2176 in
954 2115 1057 2196 primo
1072 2114 1288 2178 adolescentiae
1304 2134 1375 2176 rere
1396 2115 1532 2195 virginea
1620 2110 1621 2189 i

559 2218 747 2281 innocentiae
770 2217 902 2300 adeptus
913 2224 959 2279 est
973 2216 1050 2279 lilia.
1072 2217 1171 2280 Vilnee
1187 2216 1274 2295 (nam
1296 2216 1339 2277 ibi
1367 2218 1532 2297 pueritiam

558 2322 719 2403 transegit)
734 2320 830 2383 saeris
852 2319 1003 2384 omnibus
1019 2321 1169 2383 intererat
1185 2320 1341 2401 quotidie,
1364 2321 1447 2382 rotis
1467 2339 1531 2381 cne-
1620 2326 1621 2339 ¹

558 2425 627 2488 lum
641 2422 792 2502 fatigabat
803 2422 943 2494 assidue,
961 2441 1068 2503 preces
1080 2422 1140 2484 sub
1156 2421 1236 2484 lucis
1246 2430 1352 2484 ortum
1370 2421 1402 2481 in
1418 2422 1533 2503 templo

558 2524 668 2588 haberi
680 2531 845 2587 consuetas
860 2523 1233 2605 antelucanaexeipiebat
1247 2523 1420 2597 industria,
1445 2540 1533 2585 auro·

558 2654 628 2697 ram
639 2652 891 2717 praecurrensne‚
909 2653 948 2695 an
964 2652 1071 2696 seeum
1083 2632 1185 2695 serens
1201 2633 1231 2694 in
1248 2632 1351 2696 corde.
1365 2633 1455 2695 Certe
1470 2632 1533 2694 sine
1620 2694 1621 2719 ,

560 2736 625 2799 sole
639 2755 806 2819 nunqnam
820 2744 897 2811 erat,
914 2736 1004 2818 cujus
1019 2754 1077 2819 pro
1098 2736 1163 2799 sole
1180 2735 1273 2799 simul
1294 2744 1325 2798 et
1343 2735 1439 2799 corde
1457 2735 1534 2797 Dens

558 2846 684 2909 vivebat
702 2847 736 2908 in
757 2856 893 2929 pectore.
909 2848 971 2910 Nec
986 2847 1062 2909 alibi
1074 2847 1209 2909 eoelestis
1222 2847 1343 2908 militiae
1357 2844 1535 2908 rudimenta

560 2948 666 3030 posuit
680 2956 749 3029 tyro
763 2946 960 3023 fortissimus,
976 2967 1074 3029 quarn
1089 2948 1122 3009 in
1137 2948 1247 3009 castris
1260 2948 1418 3030 septisque
1435 2946 1534 3007 virtu-

560 3058 640 3124 tum,
654 3050 716 3113 hoo
726 3057 772 3111 est
786 3048 819 3111 in
834 3050 963 3131 templo,
978 3068 996 3111 a
1010 3050 1101 3131 cujus
1114 3049 1249 3113 statione
1263 3066 1432 3129 nunquam
1446 3045 1536 3109 disoe-
1620 3116 1621 3135 χ

560 3153 666 3227 debat,
682 3162 716 3215 ut
727 3151 842 3227 tamad
856 3153 981 3215 vestalis
994 3153 1075 3233 ignis
1090 3152 1253 3225 invidiam,
1269 3149 1420 3233 quemad
1435 3149 1536 3213 caeles

562 3256 643 3318 tium
657 3255 797 3317 siderum
817 3256 1061 3330 aemulationem,
1078 3264 1184 3319 custos
1200 3255 1361 3336 religionis
1375 3254 1535 3336 Josaphati
1620 3260 1621 3275 ¹

560 3360 758 3444 pietasquasi
770 3362 898 3422 llamma
912 3360 1063 3440 vigilaret.
1082 3361 1119 3423 Et
1128 3359 1417 3442 vigilavitprosecto
1430 3356 1537 3421 militis
1620 3450 1621 3453 Ἴ

561 3461 669 3525 invicti
684 3461 821 3535 solertia,
838 3460 1033 3543 perditorum
1057 3461 1226 3524 hominum
1240 3460 1436 3543 profligatrix
1451 3477 1536 3521 acer·-

560 3565 652 3640 rima,
669 3564 748 3626 adeo
766 3572 811 3637 ut,
831 3582 904 3626 cunr
929 3572 1017 3625 retus
1040 3564 1096 3625 illa
1120 3564 1327 3627 Orientalium
1354 3581 1373 3623 a
1397 3563 1537 3624 Romano
1620 3608 1621 3617 ,

561 3668 711 3729 Pontifice
722 3665 856 3729 delectio
872 3666 1103 3748 septemtrionis
1117 3666 1212 3727 etiam
1227 3666 1363 3746 populos
1382 3661 1535 3746 pestilenti

561 3768 649 3833 uelut
659 3769 760 3831 sidere
773 3770 922 3844 afflasset,
941 3790 1025 3857 unus
1039 3769 1270 3852 propemodum
1286 3769 1432 3830 inuentus
1447 3765 1537 3829 suerit
1620 3798 1621 3815 r

561 3874 713 3955 Josaphat
731 3873 786 3955 qui
808 3872 888 3934 vinci
905 3891 995 3955 posse
1013 3873 1157 3935 inimicos
1178 3872 1296 3946 docuit,
1309 3872 1367 3953 qui
1392 3868 1536 3932 catholici

563 3975 696 4037 instituti
716 3974 833 4057 templa
852 3974 1070 4056 frequentans,
1091 3975 1147 4055 qui
1160 3974 1255 4036 sacris
1267 3973 1419 4034 ministris
1436 3972 1535 4032 inser-

561 4077 660 4151 viens,
674 4076 821 4151 coelestis
846 4085 881 4138 ut
896 4077 938 4138 ita
952 4075 1097 4150 dixerim,
1114 4076 1243 4137 Proteus
1267 4074 1413 4137 omnium
1436 4088 1536 4134 mores

562 4178 665 4243 induit
677 4188 708 4241 et
719 4176 848 4242 formas.
