3259 5484
447 689 659 758 ..47...

59 840 163 911 duxit.
182 843 251 912 Nec
270 843 385 933 poenis
406 847 580 940 corporis,
601 869 665 918 nec
680 846 840 940 pecuniae
858 846 1020 928 mulctis,

61 959 205 1053 affligere
226 968 358 1054 praeter
381 983 514 1032 morem
540 968 674 1032 suetus
701 967 834 1032 Praeses
857 960 924 1053 ipsi
954 983 1024 1030 non

60 1070 174 1141 durior
198 1080 234 1143 et
248 1074 423 1144 fructibus
439 1074 686 1144 coacervandis
701 1095 781 1143 cum
803 1095 909 1144 onere
928 1072 1026 1143 villa·

61 1206 179 1253 norum
196 1187 380 1268 solertior,
403 1188 464 1258 sed
484 1186 546 1279 qui
567 1187 681 1256 lenior
699 1192 736 1256 et
749 1186 880 1277 justior
906 1192 1022 1264 esset,

60 1300 149 1368 cordi
171 1301 250 1370 fuit.
274 1307 411 1371 Patrem
436 1301 530 1372 enim
551 1323 589 1372 se
610 1323 708 1382 esse,
729 1323 799 1370 non
820 1301 1022 1379 dominum,

61 1419 251 1504 pastorem,
279 1437 351 1484 non
374 1418 597 1508 depastorcm
617 1399 774 1487 ecclesiae
803 1415 1025 1486 subditorum

61 1525 177 1595 haberi
196 1527 320 1597 voluit.
343 1528 478 1611 Quibus
502 1528 629 1598 studiis
647 1539 728 1599 eum
750 1549 906 1597 amorem
932 1527 1026 1619 apud

61 1658 135 1717 eos,
151 1659 259 1729 quem
275 1659 403 1730 parens
421 1639 513 1731 apud
535 1639 642 1719 filios,
665 1639 758 1708 dicto
777 1639 1029 1708 obsecundan-

61 1757 111 1816 tes
134 1751 343 1840 promeruit.
370 1755 413 1820 Et
441 1753 535 1843 quod
560 1751 618 1819 alii
644 1751 811 1844 gravibus
839 1773 1027 1821 vernarum

62 1883 199 1931 suarum
231 1863 479 1933 afflictionibus
517 1864 653 1934 efficere
677 1868 881 1956 nequeunt,
906 1863 1029 1931 suavi-

63 1978 128 2043 tate
147 1972 207 2044 ille
230 1996 294 2044 sua
313 1975 414 2066 longe
435 1975 572 2044 felicius
594 1975 755 2066 adeptus.
776 1977 895 2066 Neque
917 1973 1028 2065 magis

62 2085 192 2154 fructus
207 2085 387 2177 perituros
402 2085 584 2155 asubditis
598 2085 782 2179 quaesivit,
798 2106 905 2176 quam
918 2089 1029 2154 aeter-

62 2217 112 2265 nae
130 2196 210 2266 cibo
232 2196 402 2267 doctrinae
421 2203 559 2289 pastos,
578 2195 771 2266 orationem
792 2194 1023 2273 dominicam,

63 2308 161 2378 fidem
196 2317 374 2390 sanctam,
404 2311 480 2402 ipse
514 2309 700 2391 erudiret3
732 2309 775 2378 ad
803 2307 1027 2378 conscientiae

62 2440 174 2489 naevos
199 2422 393 2502 eruendos
426 2443 560 2491 sacram
584 2421 741 2512 synaxim
767 2419 1027 2512 percipiendam

62 2531 262 2615 inducerct3
287 2533 511 2603 matrimonia
541 2555 651 2625 pura,
678 2532 841 2602 timorem
870 2538 1026 2611 castum,

62 2645 227 2735 pietatem
242 2646 427 2727 sinceram,
443 2647 487 2715 iis
497 2645 701 2728 instillaret3
720 2651 827 2737 atque
842 2650 883 2713 ut
896 2643 1030 2714 festivis

62 2755 182 2826 diebus
199 2757 246 2826 ab
260 2757 428 2850 operibus
459 2757 700 2836 abstinerent,
724 2755 924 2847 divinisque
944 2777 1031 2824 aus-

61 2869 253 2949 cultarent,
275 2891 396 2940 severe
410 2869 548 2938 indixit.
567 2873 665 2961 Saepe
681 2890 829 2938 numero
851 2868 1028 2948 dictitans

60 2979 186 3048 caduca
200 2985 240 3050 et
258 2979 352 3048 tluxa
370 2981 413 3049 dc
430 2979 580 3049 subditis
594 2979 840 3071 promanantia
850 2978 1032 3048 commoda

60 3090 199 3159 aeternis
221 3091 454 3182 repensanda.
479 3094 620 3159 Etcum
644 3091 786 3159 illorum
808 3091 936 3159 sudore
960 3089 1032 3157 vita

59 3210 175 3272 nostra
199 3204 362 3273 mortalis
381 3204 416 3272 in
437 3203 509 3273 vita
538 3203 728 3284 subsistat,
754 3204 804 3273 sic
827 3203 1031 3274 eorumdem

59 3321 198 3386 aeternae
223 3317 448 3387 serviendum
468 3316 590 3396 saluti,
619 3323 658 3385 ut
680 3317 805 3385 stolam
829 3315 1032 3408 possideant
1118 3332 1121 3338 ·

59 3425 345 3497 immortalitatis
367 3430 450 3498 Inde
466 3427 692 3520 presbyteros
711 3425 746 3494 in
766 3425 868 3496 bonis
888 3425 962 3494 suis
989 3425 1032 3493 ad

57 3535 90 3605 id
107 3540 352 3629 praestandum
369 3541 551 3611 ardentius
562 3541 747 3622 incitabat,
761 3563 805 3610 ne
820 3540 863 3610 de
878 3539 1032 3608 minimis

58 3647 172 3730 bisce,
190 3671 313 3718 coram
328 3654 399 3720 Deo
414 3652 530 3720 forsan
547 3651 694 3744 magnis„
711 3652 767 3722 vel
778 3674 870 3721 unus
884 3651 1029 3743 periret.

57 3759 232 3829 Maleficos
257 3764 375 3830 tamen
397 3769 434 3832 et
447 3762 635 3843 scelestos,
659 3762 688 3831 si
708 3762 856 3832 ferulam
879 3783 1032 3853 respue-

57 3879 146 3955 rent,
168 3871 366 3941 ditionibus
381 3874 625 3965 proscribebat
642 3873 737 3943 suis:
753 3896 797 3944 ne
814 3875 899 3944 dum
916 3873 1033 3966 perti-

58 4001 124 4048 nax
139 3983 311 4074 palpatur
329 3984 484 4066 malitia,
501 3985 638 4055 sincera
649 3993 687 4055 et
700 3985 869 4056 innocens
883 3985 1033 4055 vitiare-

60 4092 114 4155 tur
126 4089 350 4182 simplicitas.
