<?xml version="1.0" encoding="UTF-8"?>
<!DOCTYPE html PUBLIC "-//W3C//DTD XHTML 1.0 Transitional//EN"
    "http://www.w3.org/TR/xhtml1/DTD/xhtml1-transitional.dtd">
<html xmlns="http://www.w3.org/1999/xhtml" xml:lang="en" lang="en">
 <head>
  <title>
</title>
<meta http-equiv="Content-Type" content="text/html;charset=utf-8" />
  <meta name='ocr-system' content='tesseract 3.04.00' />
  <meta name='ocr-capabilities' content='ocr_page ocr_carea ocr_par ocr_line ocrx_word'/>
</head>
<body>
  <div class='ocr_page' id='page_1' title='image "./cursusvitetcert00martgoog_0031.png"; bbox 0 0 3259 5484; ppageno 0'>
   <div class='ocr_carea' id='block_1_1' title="bbox 505 717 659 784">
    <p class='ocr_par' dir='ltr' id='par_1_1' title="bbox 505 717 659 784">
     <span class='ocr_line' id='line_1_1' title="bbox 505 717 659 784; baseline 0 -14"><span class='ocrx_word' id='word_1_1' title='bbox 505 717 659 784; x_wconf 81' lang='lat' dir='ltr'>-l-</span> 
     </span>
    </p>
   </div>
   <div class='ocr_carea' id='block_1_2' title="bbox 89 870 1078 3527">
    <p class='ocr_par' dir='ltr' id='par_1_2' title="bbox 89 870 1078 3527">
     <span class='ocr_line' id='line_1_2' title="bbox 89 870 1067 962; baseline -0.002 -21"><span class='ocrx_word' id='word_1_2' title='bbox 89 871 214 942; x_wconf 91' lang='lat' dir='ltr'>ditatis</span> <span class='ocrx_word' id='word_1_3' title='bbox 228 876 372 940; x_wconf 82' lang='lat' dir='ltr'>aeternae</span> <span class='ocrx_word' id='word_1_4' title='bbox 378 870 524 962; x_wconf 89' lang='lat' dir='ltr'>januam</span> <span class='ocrx_word' id='word_1_5' title='bbox 535 877 646 952; x_wconf 77' lang='lat' dir='ltr'>ratde,</span> <span class='ocrx_word' id='word_1_6' title='bbox 660 871 707 940; x_wconf 84' lang='lat' dir='ltr'>ita</span> <span class='ocrx_word' id='word_1_7' title='bbox 720 871 841 953; x_wconf 91' lang='lat' dir='ltr'>coluit,</span> <span class='ocrx_word' id='word_1_8' title='bbox 855 871 942 941; x_wconf 91' lang='lat' dir='ltr'>utin</span> <span class='ocrx_word' id='word_1_9' title='bbox 955 893 997 941; x_wconf 87' lang='lat' dir='ltr'>ea</span> <span class='ocrx_word' id='word_1_10' title='bbox 1011 871 1067 941; x_wconf 84' lang='lat' dir='ltr'>vel</span> 
     </span>
     <span class='ocr_line' id='line_1_3' title="bbox 90 979 1067 1073; baseline 0 -23"><span class='ocrx_word' id='word_1_11' title='bbox 90 979 262 1052; x_wconf 80' lang='lat' dir='ltr'><strong>secretior</strong></span> <span class='ocrx_word' id='word_1_12' title='bbox 285 979 455 1059; x_wconf 80' lang='lat' dir='ltr'><strong>eremita,</strong></span> <span class='ocrx_word' id='word_1_13' title='bbox 482 981 537 1050; x_wconf 88' lang='lat' dir='ltr'>vel</span> <span class='ocrx_word' id='word_1_14' title='bbox 562 981 759 1050; x_wconf 88' lang='lat' dir='ltr'>tumulatus</span> <span class='ocrx_word' id='word_1_15' title='bbox 781 980 968 1073; x_wconf 89' lang='lat' dir='ltr'>religiosus</span> <span class='ocrx_word' id='word_1_16' title='bbox 989 1002 1067 1050; x_wconf 90' lang='lat' dir='ltr'>esse</span> 
     </span>
     <span class='ocr_line' id='line_1_4' title="bbox 89 1091 1066 1184; baseline -0.002 -22"><span class='ocrx_word' id='word_1_17' title='bbox 89 1096 309 1162; x_wconf 79' lang='lat' dir='ltr'>censeretur.</span> <span class='ocrx_word' id='word_1_18' title='bbox 321 1093 539 1182; x_wconf 90' lang='lat' dir='ltr'>Notatusque</span> <span class='ocrx_word' id='word_1_19' title='bbox 554 1091 598 1160; x_wconf 90' lang='lat' dir='ltr'>ab</span> <span class='ocrx_word' id='word_1_20' title='bbox 613 1091 790 1173; x_wconf 90' lang='lat' dir='ltr'>omnibus,</span> <span class='ocrx_word' id='word_1_21' title='bbox 809 1113 925 1183; x_wconf 89' lang='lat' dir='ltr'>neque</span> <span class='ocrx_word' id='word_1_22' title='bbox 940 1093 1066 1184; x_wconf 89' lang='lat' dir='ltr'>pedem</span> 
     </span>
     <span class='ocr_line' id='line_1_5' title="bbox 90 1203 1071 1297; baseline -0.001 -24"><span class='ocrx_word' id='word_1_23' title='bbox 90 1225 137 1274; x_wconf 87' lang='lat' dir='ltr'>ex</span> <span class='ocrx_word' id='word_1_24' title='bbox 158 1224 199 1272; x_wconf 96' lang='lat' dir='ltr'>ea</span> <span class='ocrx_word' id='word_1_25' title='bbox 216 1203 253 1272; x_wconf 92' lang='lat' dir='ltr'>in</span> <span class='ocrx_word' id='word_1_26' title='bbox 268 1224 385 1272; x_wconf 91' lang='lat' dir='ltr'>aream</span> <span class='ocrx_word' id='word_1_27' title='bbox 406 1203 556 1273; x_wconf 86' lang='lat' dir='ltr'>movisse</span> <span class='ocrx_word' id='word_1_28' title='bbox 576 1227 582 1272; x_wconf 95' lang='lat'><strong>:</strong></span> <span class='ocrx_word' id='word_1_29' title='bbox 600 1211 677 1274; x_wconf 88' lang='lat' dir='ltr'>esto</span> <span class='ocrx_word' id='word_1_30' title='bbox 697 1205 912 1297; x_wconf 86' lang='lat' dir='ltr'>quandoque</span> <span class='ocrx_word' id='word_1_31' title='bbox 930 1204 1071 1297; x_wconf 84' lang='lat' dir='ltr'>gravis-</span> 
     </span>
     <span class='ocr_line' id='line_1_6' title="bbox 91 1313 1070 1386; baseline -0.003 -1"><span class='ocrx_word' id='word_1_32' title='bbox 91 1315 175 1385; x_wconf 91' lang='lat' dir='ltr'>simi</span> <span class='ocrx_word' id='word_1_33' title='bbox 199 1338 219 1386; x_wconf 90' lang='lat' dir='ltr'>e</span> <span class='ocrx_word' id='word_1_34' title='bbox 247 1314 472 1385; x_wconf 89' lang='lat' dir='ltr'>senatoribus</span> <span class='ocrx_word' id='word_1_35' title='bbox 496 1315 693 1386; x_wconf 85' lang='lat' dir='ltr'>Lithuaniae</span> <span class='ocrx_word' id='word_1_36' title='bbox 718 1315 783 1384; x_wconf 87' lang='lat' dir='ltr'>viri</span> <span class='ocrx_word' id='word_1_37' title='bbox 815 1313 1070 1384; x_wconf 89' lang='lat' dir='ltr'>monasterium</span> 
     </span>
     <span class='ocr_line' id='line_1_7' title="bbox 89 1423 1071 1505; baseline -0.001 -11"><span class='ocrx_word' id='word_1_38' title='bbox 89 1426 291 1497; x_wconf 86' lang='lat' dir='ltr'>inviserint.</span> <span class='ocrx_word' id='word_1_39' title='bbox 315 1425 377 1495; x_wconf 92' lang='lat' dir='ltr'>Hic</span> <span class='ocrx_word' id='word_1_40' title='bbox 401 1425 601 1495; x_wconf 91' lang='lat' dir='ltr'>abstractus</span> <span class='ocrx_word' id='word_1_41' title='bbox 629 1447 649 1494; x_wconf 92' lang='lat' dir='ltr'>a</span> <span class='ocrx_word' id='word_1_42' title='bbox 673 1423 842 1505; x_wconf 82' lang='lat' dir='ltr'>terrenis,</span> <span class='ocrx_word' id='word_1_43' title='bbox 865 1425 1071 1495; x_wconf 88' lang='lat' dir='ltr'>coelestibus</span> 
     </span>
     <span class='ocr_line' id='line_1_8' title="bbox 90 1536 1072 1618; baseline -0.001 -11"><span class='ocrx_word' id='word_1_44' title='bbox 90 1540 264 1618; x_wconf 91' lang='lat' dir='ltr'>intentus,</span> <span class='ocrx_word' id='word_1_45' title='bbox 281 1537 417 1607; x_wconf 85' lang='lat' dir='ltr'>diurnae</span> <span class='ocrx_word' id='word_1_46' title='bbox 433 1558 473 1607; x_wconf 92' lang='lat' dir='ltr'>ac</span> <span class='ocrx_word' id='word_1_47' title='bbox 489 1542 672 1606; x_wconf 86' lang='lat' dir='ltr'>nocturnae</span> <span class='ocrx_word' id='word_1_48' title='bbox 688 1536 929 1606; x_wconf 69' lang='lat' dir='ltr'>meditationis</span> <span class='ocrx_word' id='word_1_49' title='bbox 944 1536 1072 1606; x_wconf 91' lang='lat' dir='ltr'>oratio-</span> 
     </span>
     <span class='ocr_line' id='line_1_9' title="bbox 91 1646 1072 1742; baseline -0.004 -24"><span class='ocrx_word' id='word_1_50' title='bbox 91 1651 222 1742; x_wconf 89' lang='lat' dir='ltr'>nisque</span> <span class='ocrx_word' id='word_1_51' title='bbox 242 1648 543 1728; x_wconf 87' lang='lat' dir='ltr'>studiosissimus,</span> <span class='ocrx_word' id='word_1_52' title='bbox 562 1647 678 1717; x_wconf 82' lang='lat' dir='ltr'>haesit.</span> <span class='ocrx_word' id='word_1_53' title='bbox 703 1652 796 1730; x_wconf 84' lang='lat' dir='ltr'>Quas</span> <span class='ocrx_word' id='word_1_54' title='bbox 812 1648 899 1718; x_wconf 89' lang='lat' dir='ltr'>adeo</span> <span class='ocrx_word' id='word_1_55' title='bbox 914 1646 1072 1716; x_wconf 84' lang='lat' dir='ltr'>familia-</span> 
     </span>
     <span class='ocr_line' id='line_1_10' title="bbox 91 1759 1078 1842; baseline -0.002 -11"><span class='ocrx_word' id='word_1_56' title='bbox 91 1785 152 1833; x_wconf 90' lang='lat' dir='ltr'>res</span> <span class='ocrx_word' id='word_1_57' title='bbox 173 1761 240 1830; x_wconf 94' lang='lat' dir='ltr'>sibi</span> <span class='ocrx_word' id='word_1_58' title='bbox 260 1761 362 1842; x_wconf 85' lang='lat' dir='ltr'>lecit,</span> <span class='ocrx_word' id='word_1_59' title='bbox 389 1766 428 1830; x_wconf 92' lang='lat' dir='ltr'>ut</span> <span class='ocrx_word' id='word_1_60' title='bbox 442 1759 610 1829; x_wconf 89' lang='lat' dir='ltr'>continuo</span> <span class='ocrx_word' id='word_1_61' title='bbox 629 1782 690 1830; x_wconf 93' lang='lat' dir='ltr'>ore</span> <span class='ocrx_word' id='word_1_62' title='bbox 706 1781 746 1829; x_wconf 91' lang='lat' dir='ltr'>ac</span> <span class='ocrx_word' id='word_1_63' title='bbox 764 1765 883 1830; x_wconf 89' lang='lat' dir='ltr'>mente</span> <span class='ocrx_word' id='word_1_64' title='bbox 907 1759 1078 1829; x_wconf 84' lang='lat' dir='ltr'>revolve-&#39;</span> 
     </span>
     <span class='ocr_line' id='line_1_11' title="bbox 93 1871 1073 1951; baseline -0.005 -8"><span class='ocrx_word' id='word_1_65' title='bbox 93 1879 161 1943; x_wconf 93' lang='lat' dir='ltr'>ret.</span> <span class='ocrx_word' id='word_1_66' title='bbox 180 1877 241 1942; x_wconf 87' lang='lat' dir='ltr'>Est</span> <span class='ocrx_word' id='word_1_67' title='bbox 261 1871 369 1941; x_wconf 92' lang='lat' dir='ltr'>moris</span> <span class='ocrx_word' id='word_1_68' title='bbox 389 1871 425 1939; x_wconf 94' lang='lat' dir='ltr'>in</span> <span class='ocrx_word' id='word_1_69' title='bbox 440 1871 609 1941; x_wconf 82' lang='lat' dir='ltr'>Orientali</span> <span class='ocrx_word' id='word_1_70' title='bbox 624 1871 795 1951; x_wconf 81' lang='lat' dir='ltr'>Ecclesia,</span> <span class='ocrx_word' id='word_1_71' title='bbox 812 1876 950 1941; x_wconf 88' lang='lat' dir='ltr'>erectos</span> <span class='ocrx_word' id='word_1_72' title='bbox 961 1871 1073 1940; x_wconf 90' lang='lat' dir='ltr'>homi·</span> 
     </span>
     <span class='ocr_line' id='line_1_12' title="bbox 93 1981 1074 2074; baseline -0.001 -23"><span class='ocrx_word' id='word_1_73' title='bbox 93 2006 177 2064; x_wconf 78' lang='lat' dir='ltr'>neS,</span> <span class='ocrx_word' id='word_1_74' title='bbox 195 2004 276 2052; x_wconf 92' lang='lat' dir='ltr'>cum</span> <span class='ocrx_word' id='word_1_75' title='bbox 291 1981 407 2051; x_wconf 91' lang='lat' dir='ltr'>crucis</span> <span class='ocrx_word' id='word_1_76' title='bbox 423 1982 522 2074; x_wconf 90' lang='lat' dir='ltr'>signo</span> <span class='ocrx_word' id='word_1_77' title='bbox 538 1989 575 2052; x_wconf 90' lang='lat' dir='ltr'>et</span> <span class='ocrx_word' id='word_1_78' title='bbox 593 1981 710 2051; x_wconf 90' lang='lat' dir='ltr'>verbis</span> <span class='ocrx_word' id='word_1_79' title='bbox 735 1982 883 2074; x_wconf 89' lang='lat' dir='ltr'>prolatis</span> <span class='ocrx_word' id='word_1_80' title='bbox 903 2005 911 2050; x_wconf 91' lang='lat'><strong>:</strong></span> <span class='ocrx_word' id='word_1_81' title='bbox 935 1983 1074 2050; x_wconf 79' lang='lat' dir='ltr'>[lemine</span> 
     </span>
     <span class='ocr_line' id='line_1_13' title="bbox 91 2095 1070 2180; baseline -0.002 -14"><span class='ocrx_word' id='word_1_82' title='bbox 91 2098 170 2166; x_wconf 78' lang='lat' dir='ltr'>Jeao</span> <span class='ocrx_word' id='word_1_83' title='bbox 205 2095 352 2180; x_wconf 76' lang='lat' dir='ltr'>Christe,</span> <span class='ocrx_word' id='word_1_84' title='bbox 385 2096 457 2163; x_wconf 82' lang='lat' dir='ltr'>Fili</span> <span class='ocrx_word' id='word_1_85' title='bbox 488 2096 569 2180; x_wconf 85' lang='lat' dir='ltr'>Dei,</span> <span class='ocrx_word' id='word_1_86' title='bbox 602 2096 753 2164; x_wconf 77' lang='lat' dir='ltr'>miserere</span> <span class='ocrx_word' id='word_1_87' title='bbox 780 2096 910 2180; x_wconf 79' lang='lat' dir='ltr'>nostri,</span> <span class='ocrx_word' id='word_1_88' title='bbox 946 2095 1070 2180; x_wconf 78' lang='lat' dir='ltr'>Amen,</span> 
     </span>
     <span class='ocr_line' id='line_1_14' title="bbox 93 2206 1074 2298; baseline -0.002 -19"><span class='ocrx_word' id='word_1_89' title='bbox 93 2208 251 2279; x_wconf 86' lang='lat' dir='ltr'>demisso</span> <span class='ocrx_word' id='word_1_90' title='bbox 275 2214 406 2277; x_wconf 88' lang='lat' dir='ltr'>terram</span> <span class='ocrx_word' id='word_1_91' title='bbox 435 2229 559 2276; x_wconf 88' lang='lat' dir='ltr'>versus</span> <span class='ocrx_word' id='word_1_92' title='bbox 588 2206 721 2298; x_wconf 89' lang='lat' dir='ltr'>capite,</span> <span class='ocrx_word' id='word_1_93' title='bbox 748 2207 994 2278; x_wconf 89' lang='lat' dir='ltr'>inclinationes</span> <span class='ocrx_word' id='word_1_94' title='bbox 1015 2209 1031 2277; x_wconf 85' lang='lat' dir='ltr'>f</span> <span class='ocrx_word' id='word_1_95' title='bbox 1049 2248 1074 2260; x_wconf 98' lang='lat'>-</span> 
     </span>
     <span class='ocr_line' id='line_1_15' title="bbox 95 2301 1073 2401; baseline -0.001 -13"><span class='ocrx_word' id='word_1_96' title='bbox 95 2340 176 2388; x_wconf 91' lang='lat' dir='ltr'>cere</span> <span class='ocrx_word' id='word_1_97' title='bbox 193 2340 201 2401; x_wconf 92' lang='grc'><strong>;</strong></span> <span class='ocrx_word' id='word_1_98' title='bbox 221 2323 260 2388; x_wconf 93' lang='lat' dir='ltr'>ut</span> <span class='ocrx_word' id='word_1_99' title='bbox 275 2301 428 2387; x_wconf 90' lang='lat' dir='ltr'>divinam</span> <span class='ocrx_word' id='word_1_100' title='bbox 444 2317 602 2387; x_wconf 87' lang='lat' dir='ltr'>tenerius</span> <span class='ocrx_word' id='word_1_101' title='bbox 622 2325 658 2387; x_wconf 91' lang='lat' dir='ltr'>et</span> <span class='ocrx_word' id='word_1_102' title='bbox 671 2318 844 2386; x_wconf 89' lang='lat' dir='ltr'>humilius</span> <span class='ocrx_word' id='word_1_103' title='bbox 860 2326 1073 2389; x_wconf 86' lang='lat' dir='ltr'>venerentur</span> 
     </span>
     <span class='ocr_line' id='line_1_16' title="bbox 95 2431 1074 2525; baseline -0.001 -24"><span class='ocrx_word' id='word_1_104' title='bbox 95 2433 331 2525; x_wconf 86' lang='lat' dir='ltr'>majestatem.</span> <span class='ocrx_word' id='word_1_105' title='bbox 348 2435 440 2513; x_wconf 82' lang='lat' dir='ltr'>Quas</span> <span class='ocrx_word' id='word_1_106' title='bbox 449 2432 617 2522; x_wconf 90' lang='lat' dir='ltr'>Josaphat</span> <span class='ocrx_word' id='word_1_107' title='bbox 632 2452 768 2523; x_wconf 85' lang='lat' dir='ltr'>pernox</span> <span class='ocrx_word' id='word_1_108' title='bbox 782 2436 819 2500; x_wconf 89' lang='lat' dir='ltr'>et</span> <span class='ocrx_word' id='word_1_109' title='bbox 829 2431 974 2523; x_wconf 91' lang='lat' dir='ltr'>perdius</span> <span class='ocrx_word' id='word_1_110' title='bbox 988 2431 1074 2500; x_wconf 92' lang='lat' dir='ltr'>mil-</span> 
     </span>
     <span class='ocr_line' id='line_1_17' title="bbox 95 2544 1073 2638; baseline -0.001 -22"><span class='ocrx_word' id='word_1_111' title='bbox 95 2547 161 2617; x_wconf 89' lang='lat' dir='ltr'>lies</span> <span class='ocrx_word' id='word_1_112' title='bbox 175 2545 437 2638; x_wconf 84' lang='lat' dir='ltr'>frequentabat.</span> <span class='ocrx_word' id='word_1_113' title='bbox 455 2544 692 2614; x_wconf 83' lang='lat' dir='ltr'>Oratiunculae</span> <span class='ocrx_word' id='word_1_114' title='bbox 707 2565 790 2614; x_wconf 85' lang='lat' dir='ltr'>vero</span> <span class='ocrx_word' id='word_1_115' title='bbox 806 2544 889 2614; x_wconf 90' lang='lat' dir='ltr'>huic</span> <span class='ocrx_word' id='word_1_116' title='bbox 899 2544 1073 2636; x_wconf 90' lang='lat' dir='ltr'>jaculato-</span> 
     </span>
     <span class='ocr_line' id='line_1_18' title="bbox 96 2655 1074 2742; baseline -0.003 -12"><span class='ocrx_word' id='word_1_117' title='bbox 96 2661 176 2742; x_wconf 83' lang='lat' dir='ltr'>riae,</span> <span class='ocrx_word' id='word_1_118' title='bbox 196 2681 266 2729; x_wconf 92' lang='lat' dir='ltr'>uno</span> <span class='ocrx_word' id='word_1_119' title='bbox 286 2657 394 2728; x_wconf 89' lang='lat' dir='ltr'>verbo</span> <span class='ocrx_word' id='word_1_120' title='bbox 409 2656 551 2726; x_wconf 91' lang='lat' dir='ltr'>addito:</span> <span class='ocrx_word' id='word_1_121' title='bbox 575 2657 713 2724; x_wconf 83' lang='lat' dir='ltr'>Domine</span> <span class='ocrx_word' id='word_1_122' title='bbox 730 2656 806 2724; x_wconf 74' lang='lat' dir='ltr'>desc</span> <span class='ocrx_word' id='word_1_123' title='bbox 827 2655 977 2738; x_wconf 79' lang='lat' dir='ltr'>Christe,</span> <span class='ocrx_word' id='word_1_124' title='bbox 1000 2659 1074 2727; x_wconf 86' lang='lat' dir='ltr'>Fili</span> 
     </span>
     <span class='ocr_line' id='line_1_19' title="bbox 95 2768 1073 2860; baseline -0.002 -17"><span class='ocrx_word' id='word_1_125' title='bbox 95 2775 179 2858; x_wconf 73' lang='lat' dir='ltr'>Dei,</span> <span class='ocrx_word' id='word_1_126' title='bbox 196 2772 345 2840; x_wconf 82' lang='lat' dir='ltr'>miserere</span> <span class='ocrx_word' id='word_1_127' title='bbox 362 2772 427 2839; x_wconf 79' lang='lat' dir='ltr'>otei</span> <span class='ocrx_word' id='word_1_128' title='bbox 443 2771 638 2860; x_wconf 80' lang='lat' dir='ltr'>percolaris,</span> <span class='ocrx_word' id='word_1_129' title='bbox 657 2768 707 2838; x_wconf 89' lang='lat' dir='ltr'>ita</span> <span class='ocrx_word' id='word_1_130' title='bbox 729 2771 924 2850; x_wconf 87' lang='lat' dir='ltr'>consuevit,</span> <span class='ocrx_word' id='word_1_131' title='bbox 947 2778 1073 2842; x_wconf 94' lang='lat' dir='ltr'>utnon</span> 
     </span>
     <span class='ocr_line' id='line_1_20' title="bbox 97 2879 1075 2972; baseline -0.003 -19"><span class='ocrx_word' id='word_1_132' title='bbox 97 2885 273 2953; x_wconf 87' lang='lat' dir='ltr'>duntaxat</span> <span class='ocrx_word' id='word_1_133' title='bbox 288 2881 382 2950; x_wconf 89' lang='lat' dir='ltr'>inter</span> <span class='ocrx_word' id='word_1_134' title='bbox 400 2879 640 2972; x_wconf 85' lang='lat' dir='ltr'>vigilandum,</span> <span class='ocrx_word' id='word_1_135' title='bbox 670 2881 732 2950; x_wconf 92' lang='lat' dir='ltr'>sed</span> <span class='ocrx_word' id='word_1_136' title='bbox 752 2881 859 2950; x_wconf 92' lang='lat' dir='ltr'>etiam</span> <span class='ocrx_word' id='word_1_137' title='bbox 875 2881 967 2952; x_wconf 91' lang='lat' dir='ltr'>inter</span> <span class='ocrx_word' id='word_1_138' title='bbox 986 2883 1075 2952; x_wconf 91' lang='lat' dir='ltr'>dor-</span> 
     </span>
     <span class='ocr_line' id='line_1_21' title="bbox 97 2987 1076 3082; baseline 0.001 -24"><span class='ocrx_word' id='word_1_139' title='bbox 97 2989 280 3059; x_wconf 89' lang='lat' dir='ltr'>miendum</span> <span class='ocrx_word' id='word_1_140' title='bbox 316 2988 446 3056; x_wconf 87' lang='lat' dir='ltr'>iterum</span> <span class='ocrx_word' id='word_1_141' title='bbox 478 2987 679 3080; x_wconf 89' lang='lat' dir='ltr'>iterumque</span> <span class='ocrx_word' id='word_1_142' title='bbox 714 2994 924 3079; x_wconf 88' lang='lat' dir='ltr'>repeteret:</span> <span class='ocrx_word' id='word_1_143' title='bbox 954 3011 1076 3082; x_wconf 89' lang='lat' dir='ltr'>quem·</span> 
     </span>
     <span class='ocr_line' id='line_1_22' title="bbox 98 3099 1077 3193; baseline 0.002 -23"><span class='ocrx_word' id='word_1_144' title='bbox 98 3102 289 3171; x_wconf 92' lang='lat' dir='ltr'>admodum</span> <span class='ocrx_word' id='word_1_145' title='bbox 317 3099 458 3192; x_wconf 84' lang='lat' dir='ltr'>juvenis</span> <span class='ocrx_word' id='word_1_146' title='bbox 498 3101 664 3192; x_wconf 93' lang='lat' dir='ltr'>quidam,</span> <span class='ocrx_word' id='word_1_147' title='bbox 699 3107 823 3193; x_wconf 89' lang='lat' dir='ltr'>postea</span> <span class='ocrx_word' id='word_1_148' title='bbox 847 3101 1077 3193; x_wconf 87' lang='lat' dir='ltr'>gravissimus</span> 
     </span>
     <span class='ocr_line' id='line_1_23' title="bbox 98 3210 1072 3303; baseline 0 -21"><span class='ocrx_word' id='word_1_149' title='bbox 98 3211 258 3303; x_wconf 82' lang='lat' dir='ltr'>ejusdem</span> <span class='ocrx_word' id='word_1_150' title='bbox 285 3211 423 3280; x_wconf 88' lang='lat' dir='ltr'>familiae</span> <span class='ocrx_word' id='word_1_151' title='bbox 442 3210 650 3302; x_wconf 78' lang='lat' dir='ltr'>religiosuS,</span> <span class='ocrx_word' id='word_1_152' title='bbox 682 3215 832 3302; x_wconf 82' lang='lat' dir='ltr'>Symeon</span> <span class='ocrx_word' id='word_1_153' title='bbox 857 3212 1072 3295; x_wconf 85' lang='lat' dir='ltr'>Jackicvicz,</span> 
     </span>
     <span class='ocr_line' id='line_1_24' title="bbox 99 3322 1076 3416; baseline 0.006 -25"><span class='ocrx_word' id='word_1_154' title='bbox 99 3322 302 3402; x_wconf 85' lang='lat' dir='ltr'>adnotavit,</span> <span class='ocrx_word' id='word_1_155' title='bbox 319 3345 399 3391; x_wconf 91' lang='lat' dir='ltr'>cum</span> <span class='ocrx_word' id='word_1_156' title='bbox 412 3322 448 3390; x_wconf 92' lang='lat' dir='ltr'>in</span> <span class='ocrx_word' id='word_1_157' title='bbox 462 3322 539 3414; x_wconf 90' lang='lat' dir='ltr'>ejus</span> <span class='ocrx_word' id='word_1_158' title='bbox 555 3322 643 3392; x_wconf 91' lang='lat' dir='ltr'>cella</span> <span class='ocrx_word' id='word_1_159' title='bbox 656 3344 738 3394; x_wconf 88' lang='lat' dir='ltr'>casu</span> <span class='ocrx_word' id='word_1_160' title='bbox 752 3325 905 3416; x_wconf 92' lang='lat' dir='ltr'>quodam</span> <span class='ocrx_word' id='word_1_161' title='bbox 921 3326 975 3396; x_wconf 88' lang='lat' dir='ltr'>vel</span> <span class='ocrx_word' id='word_1_162' title='bbox 994 3325 1076 3397; x_wconf 91' lang='lat' dir='ltr'>inde</span> 
     </span>
     <span class='ocr_line' id='line_1_25' title="bbox 98 3435 496 3527; baseline 0 -24"><span class='ocrx_word' id='word_1_163' title='bbox 98 3435 272 3505; x_wconf 83' lang='lat' dir='ltr'>insomnis</span> <span class='ocrx_word' id='word_1_164' title='bbox 285 3435 496 3527; x_wconf 89' lang='lat' dir='ltr'>quiesceret.</span> 
     </span>
    </p>
   </div>
   <div class='ocr_carea' id='block_1_3' title="bbox 144 3542 1351 3660">
    <p class='ocr_par' dir='ltr' id='par_1_3' title="bbox 144 3542 1351 3660">
     <span class='ocr_line' id='line_1_26' title="bbox 144 3542 1351 3660; baseline 0.003 -25"><span class='ocrx_word' id='word_1_165' title='bbox 144 3571 247 3657; x_wconf 81' lang='lat' dir='ltr'>Saepe</span> <span class='ocrx_word' id='word_1_166' title='bbox 261 3565 392 3657; x_wconf 86' lang='lat' dir='ltr'>saepius</span> <span class='ocrx_word' id='word_1_167' title='bbox 404 3566 511 3635; x_wconf 90' lang='lat' dir='ltr'>etiam</span> <span class='ocrx_word' id='word_1_168' title='bbox 527 3567 570 3636; x_wconf 89' lang='lat' dir='ltr'>de</span> <span class='ocrx_word' id='word_1_169' title='bbox 586 3567 700 3636; x_wconf 90' lang='lat' dir='ltr'>media</span> <span class='ocrx_word' id='word_1_170' title='bbox 718 3589 936 3660; x_wconf 84' lang='lat' dir='ltr'>consurgens</span> <span class='ocrx_word' id='word_1_171' title='bbox 953 3542 1075 3648; x_wconf 81' lang='lat' dir='ltr'>nocte,</span> <span class='ocrx_word' id='word_1_172' title='bbox 1105 3600 1215 3646; x_wconf 60' lang='lat' dir='ltr'>onon..</span> <span class='ocrx_word' id='word_1_173' title='bbox 1233 3601 1255 3640; x_wconf 72' lang='lat' dir='ltr'>a</span> <span class='ocrx_word' id='word_1_174' title='bbox 1272 3595 1351 3640; x_wconf 56' lang='lat' dir='ltr'>rau.»</span> 
     </span>
    </p>
   </div>
   <div class='ocr_carea' id='block_1_4' title="bbox 101 3677 1076 3770">
    <p class='ocr_par' dir='ltr' id='par_1_4' title="bbox 101 3677 1076 3770">
     <span class='ocr_line' id='line_1_27' title="bbox 101 3677 1076 3770; baseline 0 -23"><span class='ocrx_word' id='word_1_175' title='bbox 101 3677 253 3747; x_wconf 90' lang='lat' dir='ltr'>orationi</span> <span class='ocrx_word' id='word_1_176' title='bbox 264 3677 415 3747; x_wconf 89' lang='lat' dir='ltr'>dulciter</span> <span class='ocrx_word' id='word_1_177' title='bbox 425 3678 522 3747; x_wconf 89' lang='lat' dir='ltr'>horis</span> <span class='ocrx_word' id='word_1_178' title='bbox 533 3678 668 3770; x_wconf 90' lang='lat' dir='ltr'>aliquot</span> <span class='ocrx_word' id='word_1_179' title='bbox 680 3679 773 3748; x_wconf 88' lang='lat' dir='ltr'>intra</span> <span class='ocrx_word' id='word_1_180' title='bbox 784 3680 908 3749; x_wconf 82' lang='lat' dir='ltr'>cellam</span> <span class='ocrx_word' id='word_1_181' title='bbox 917 3679 1076 3749; x_wconf 86' lang='lat' dir='ltr'>vacabat.</span> 
     </span>
    </p>
   </div>
   <div class='ocr_carea' id='block_1_5' title="bbox 101 3788 1084 4192">
    <p class='ocr_par' dir='ltr' id='par_1_5' title="bbox 101 3788 1084 4192">
     <span class='ocr_line' id='line_1_28' title="bbox 101 3788 1080 3884; baseline 0.003 -27"><span class='ocrx_word' id='word_1_182' title='bbox 101 3793 176 3858; x_wconf 93' lang='lat' dir='ltr'>Non</span> <span class='ocrx_word' id='word_1_183' title='bbox 206 3809 287 3856; x_wconf 93' lang='lat' dir='ltr'>raro</span> <span class='ocrx_word' id='word_1_184' title='bbox 311 3788 347 3856; x_wconf 94' lang='lat' dir='ltr'>in</span> <span class='ocrx_word' id='word_1_185' title='bbox 375 3789 618 3860; x_wconf 88' lang='lat' dir='ltr'>coemeterium</span> <span class='ocrx_word' id='word_1_186' title='bbox 641 3811 825 3882; x_wconf 88' lang='lat' dir='ltr'>egressus,</span> <span class='ocrx_word' id='word_1_187' title='bbox 852 3792 1080 3884; x_wconf 86' lang='lat' dir='ltr'>quantumvis</span> 
     </span>
     <span class='ocr_line' id='line_1_29' title="bbox 102 3896 1079 3990; baseline 0.002 -26"><span class='ocrx_word' id='word_1_188' title='bbox 102 3897 243 3988; x_wconf 85' lang='lat' dir='ltr'>algente</span> <span class='ocrx_word' id='word_1_189' title='bbox 271 3896 383 3975; x_wconf 88' lang='lat' dir='ltr'>coelo,</span> <span class='ocrx_word' id='word_1_190' title='bbox 413 3919 537 3989; x_wconf 89' lang='lat' dir='ltr'>aspera</span> <span class='ocrx_word' id='word_1_191' title='bbox 563 3897 704 3978; x_wconf 88' lang='lat' dir='ltr'>hieme,</span> <span class='ocrx_word' id='word_1_192' title='bbox 731 3898 924 3967; x_wconf 84' lang='lat' dir='ltr'>incurvatis</span> <span class='ocrx_word' id='word_1_193' title='bbox 950 3899 1079 3990; x_wconf 91' lang='lat' dir='ltr'>partim</span> 
     </span>
     <span class='ocr_line' id='line_1_30' title="bbox 103 4006 1079 4101; baseline 0 -25"><span class='ocrx_word' id='word_1_194' title='bbox 103 4007 278 4098; x_wconf 83' lang='lat' dir='ltr'>genibus,</span> <span class='ocrx_word' id='word_1_195' title='bbox 305 4006 434 4098; x_wconf 87' lang='lat' dir='ltr'>partim</span> <span class='ocrx_word' id='word_1_196' title='bbox 462 4013 619 4088; x_wconf 90' lang='lat' dir='ltr'>erectus,</span> <span class='ocrx_word' id='word_1_197' title='bbox 645 4030 752 4100; x_wconf 88' lang='lat' dir='ltr'>super</span> <span class='ocrx_word' id='word_1_198' title='bbox 775 4008 930 4101; x_wconf 89' lang='lat' dir='ltr'>rigentes</span> <span class='ocrx_word' id='word_1_199' title='bbox 956 4009 1079 4088; x_wconf 87' lang='lat' dir='ltr'>nives,</span> 
     </span>
     <span class='ocr_line' id='line_1_31' title="bbox 105 4117 1084 4192; baseline 0 -4"><span class='ocrx_word' id='word_1_200' title='bbox 105 4118 220 4189; x_wconf 89' lang='lat' dir='ltr'>eidem</span> <span class='ocrx_word' id='word_1_201' title='bbox 235 4117 475 4188; x_wconf 88' lang='lat' dir='ltr'>incumbebat.</span> <span class='ocrx_word' id='word_1_202' title='bbox 495 4120 681 4190; x_wconf 84' lang='lat' dir='ltr'>Codicibus</span> <span class='ocrx_word' id='word_1_203' title='bbox 696 4121 732 4189; x_wconf 91' lang='lat' dir='ltr'>in</span> <span class='ocrx_word' id='word_1_204' title='bbox 752 4123 875 4192; x_wconf 90' lang='lat' dir='ltr'>eadem</span> <span class='ocrx_word' id='word_1_205' title='bbox 894 4121 1084 4191; x_wconf 89' lang='lat' dir='ltr'>ecclesias-</span> 
     </span>
    </p>
   </div>
   <div class='ocr_carea' id='block_1_6' title="bbox 0 0 1655 5484">
    <p class='ocr_par' dir='ltr' id='par_1_6' title="bbox 0 0 1655 5484">
     <span class='ocr_line' id='line_1_32' title="bbox 0 0 1655 5484; baseline 0 0"><span class='ocrx_word' id='word_1_206' title='bbox 0 0 1655 5484; x_wconf 95' lang='lat' dir='ltr'> </span> 
     </span>
    </p>
   </div>
  </div>
 </body>
</html>
