3259 5484
944 706 1124 779 ..54-

544 878 635 947 bono
645 879 809 947 Ecclesiae
819 878 989 957 ducenda,
1002 854 1071 945 non
1087 898 1162 957 suo,
1177 877 1238 945 sed
1246 876 1405 967 gravium
1417 874 1522 965 Juris·

544 988 738 1081 peritorum
750 989 894 1057 innixus
900 988 1033 1080 judicio
1043 987 1382 1079 stabatzutjustitiae
1392 992 1517 1064 totum,

543 1099 630 1167 nibil
646 1099 795 1191 impetui
810 1100 927 1179 daret,
946 1104 982 1168 et
1001 1098 1226 1169 eonscientiae
1241 1098 1518 1176 obsecundaret,

543 1210 723 1301 proximos
744 1231 813 1278 non
833 1209 989 1278 laederet.
1014 1210 1213 1279 Altereante
1235 1209 1387 1302 quodam
1413 1208 1521 1299 nobili

544 1322 586 1390 de
601 1322 785 1403 limitibus
803 1344 882 1391 oum
906 1322 1036 1391 dubius
1051 1324 1174 1392 cedere
1191 1322 1309 1414 potius
1325 1342 1401 1402 suo,
1414 1342 1520 1414 quam

543 1432 658 1501 alieno
682 1432 788 1524 potiri
815 1432 938 1513 vellet,
966 1439 1065 1501 motu
1093 1432 1228 1512 divine,
1258 1432 1372 1501 calcar
1401 1452 1522 1522 perve-

545 1549 649 1611 tustae
662 1543 784 1611 tormae
806 1542 842 1610 in
862 1543 917 1611 via
936 1542 1082 1622 Vitoldi,
1107 1543 1190 1611 olim
1210 1541 1322 1633 Magni
1345 1542 1448 1611 Ducis
1468 1541 1522 1609 Li-

543 1654 717 1734 thuaniae,
742 1654 853 1735 dicta,
880 1655 1048 1746 iosaphat
1063 1654 1210 1746 reperit,
1236 1660 1272 1723 et
1286 1675 1402 1723 coram
1428 1653 1522 1744 judi·

543 1765 643 1834 cibus
669 1787 743 1834 rem
771 1764 909 1834 evicit:
937 1766 1030 1857 quod
1060 1765 1195 1857 antiqui
1232 1766 1370 1857 signum
1398 1765 1521 1834 limitis

545 1876 749 1967 priusquam
765 1882 946 1968 repertum
961 1875 1097 1957 fuisset,
1114 1877 1302 1946 diceretur.
1320 1876 1520 1944 Facultates

548 1988 736 2067 cathedra),
761 1996 797 2056 et
821 1988 1074 2057 monasterium
1105 2010 1184 2057 cum
1209 1988 1311 2057 bonis
1332 1989 1520 2058 Poloeense

542 2098 640 2184 Glebi
661 2103 697 2167 et
710 2099 837 2178 Borisi,
853 2099 890 2166 in
900 2099 1096 2191 gentilitate
1111 2154 1120 2180 ,
1135 2100 1170 2167 in
1186 2100 1361 2192 baptismo
1375 2101 1519 2169 Romani

542 2216 578 2278 et
592 2210 749 2290 Davidis,
767 2210 967 2303 principum
983 2212 1126 2293 Russiae,
1146 2212 1399 2304 aSviatopolko
1412 2215 1521 2281 fratre

541 2322 747 2399 innocenter
763 2344 933 2391 caesorum
948 2326 1052 2415 (quos
1070 2324 1221 2394 Rutheni
1243 2325 1441 2416 antiquitus
1456 2346 1520 2415 pro

541 2434 672 2503 sanetis
686 2435 832 2522 colunt),
849 2456 984 2503 emanu
1000 2437 1231 2528 quorumdam
1244 2458 1313 2505 non
1325 2437 1428 2506 modo
1439 2458 1520 2505 cum

541 2546 742 2638 opprobriis
765 2546 980 2647 linguarum,
1006 2549 1066 2618 sed
1083 2566 1169 2617 'eum
1192 2548 1398 2618 discrimine
1413 2550 1519 2618 etiam

270 2682 366 2725 vuaso
386 2687 408 2725 a
425 2681 515 2725 „uum
541 2656 624 2726 vitae
638 2657 771 2748 recepit
789 2680 874 2726 suae.
888 2662 924 2727 ln
948 2679 1018 2749 quo
1033 2658 1180 2727 nimium
1196 2657 1353 2726 desolato
1373 2657 1522 2726 aedilicia

342 2744 451 2787 ecclesius.

540 2766 695 2859 integra,
715 2790 832 2837 sacras
855 2768 949 2838 aedes
972 2769 1100 2860 eligno
1122 2770 1225 2849 duas,
1245 2791 1265 2839 e
1288 2775 1386 2839 cocto
1410 2771 1520 2839 latere

540 2880 698 2959 tertiam,
726 2879 847 2947 multis
869 2900 950 2948 eum
975 2880 1168 2949 aedificasse
1189 2880 1377 2971 impensis,
1399 2880 1519 2949 videre

540 2990 691 3059 licuerit.
734 2994 771 3059 ln
802 2990 1005 3059 civitatibus
1043 2991 1258 3072 Mohiloviae,
1290 2992 1516 3071 Bracslaviae,

539 3100 757 3180 blstislaviae,
785 3106 955 3193 occupata
984 3101 1158 3171 laboriose
1182 3102 1383 3182 vindicavit,
1409 3100 1520 3170 vindi·

539 3218 618 3280 eata
645 3218 852 3303 sumptuose
874 3213 1085 3282 restauravit
1110 3214 1335 3283 monasteria.
1364 3214 1519 3284 Vitebsei

539 3347 663 3417 porr0,
681 3328 794 3407 Orsae‚
812 3332 848 3395 et
862 3325 899 3393 in
921 3326 1060 3419 oppidis
1087 3328 1266 3396 nonnullis
1288 3348 1361 3397 suae
1392 3328 1520 3397 dioece-

539 3458 633 3515 seos,
652 3458 693 3504 ac
712 3436 748 3504 in
770 3436 871 3505 bonis
891 3438 1042 3529 propriis
1064 3439 1195 3518 varias,
1214 3461 1284 3529 qua
1300 3438 1431 3516 erexit,
1449 3460 1520 3529 qua

539 3545 704 3625 resarsit,
739 3568 808 3638 qua
836 3546 961 3616 ditavit
998 3548 1181 3629 ecclesias,
1214 3548 1520 3640 schismaticisque

540 3656 757 3749 presbyteris
771 3657 987 3738 amandatiS,
1007 3658 1141 3739 unitos,
1160 3659 1318 3728 moribus
1331 3659 1516 3737 cultiores,

540 3775 608 3844 lide
623 3774 869 3844 instructiores
881 3774 1032 3845 induxit.

268 3917 392 3961 aarum
417 3919 511 3965 violae
583 3893 787 3963 Vitebscum
806 3894 921 3986 primo
936 3894 1110 3976 invisenS,
1134 3898 1335 3967 cathedram
1358 3897 1457 3966 intus
1483 3903 1520 3967 et

334 3982 441 4025 relormn.

541 4004 626 4073 foris
642 4004 864 4098 inquinatam
884 4004 1038 4087 invenit,
1057 4008 1235 4099 praeoipue
1250 4029 1332 4077 vero
1345 4007 1519 4099 imagines

539 4117 644 4208 adyta
665 4119 855 4187 sanctuarii
879 4124 1056 4210 tegentes,
1074 4118 1243 4189 obsoletis
1258 4120 1466 4212 pulveribus
1484 4126 1520 4190 et
