3259 5484
464 742 666 813 ..183-

133 898 253 962 Dermrn
277 902 447 983 praemissis
473 900 686 986 adstipulatur
711 904 873 984 integritas
899 904 1052 986 corporis,

102 1004 172 1086 quod
190 1017 312 1071 constat
333 1011 437 1091 spatio
458 1011 601 1093 quinque
628 1030 785 1075 annorum
808 1012 1052 1095 incorruptum,

102 1117 159 1170 cute
177 1111 297 1174 ossibus
314 1122 549 1195 superextensa,
574 1123 795 1179 conservatum
819 1113 923 1190 luisse,
951 1134 1054 1177 mem-

102 1212 203 1295 braque
220 1216 315 1278 etiam
335 1216 523 1292 tractabilia,
539 1226 572 1281 et
588 1230 741 1300 tarnpuam
757 1219 892 1282 viventis
910 1218 1003 1294 flecti,
1020 1227 1055 1283 ut

101 1330 131 1373 er
142 1315 308 1379 visitatione
324 1316 404 1379 tacta
419 1336 476 1400 per
486 1316 608 1399 judices
620 1318 843 1381 remissuriales
860 1320 892 1381 in
917 1322 1056 1381 Processu

102 1414 232 1479 Polocerui
250 1418 318 1499 (fol.
350 1420 403 1501 68)
431 1428 563 1483 constat.
595 1420 695 1495 Quam
723 1421 993 1503 incorruptionem
1025 1428 1057 1483 et

100 1514 308 1581 flexibilitatem
333 1522 508 1583 sanctitatis
528 1521 682 1584 iudicium
701 1541 778 1595 esse,
799 1531 995 1606 compertum
1010 1528 1057 1584 est

99 1636 130 1679 er
140 1621 251 1685 traditis
260 1642 316 1704 per
326 1624 362 1686 D.
377 1623 738 1705 AugustinnmlCousess.
752 1625 862 1701 lib.1v,
877 1644 946 1709 cap.
960 1626 1012 1708 tt)
1025 1632 1057 1687 et

100 1718 148 1783 luit
160 1724 275 1789 dictum
289 1727 321 1787 ln
336 1727 492 1789 Reluta'one
505 1729 545 1790 B.
563 1728 716 1791 Pnacbolr'a
735 1730 853 1811 Boylon
873 1729 905 1789 ira
923 1729 944 1791 3
960 1730 1057 1790 mira·

98 1819 159 1891 culo,
173 1823 202 1883 in
220 1824 376 1886 deletione
386 1824 421 1886 S.
449 1824 574 1887 Teresioe
587 1826 620 1888 in
640 1826 687 1887 tit.
709 1826 745 1887 de
762 1826 969 1888 eulumotione
991 1845 1056 1887 cor·

97 1926 166 2002 poris
178 1926 215 1990 ad
227 1928 334 2001 linem,
351 1929 382 1988 in
395 1928 547 1991 Relatione
555 1929 591 1991 S.
607 1929 766 1991 Fronciaci
778 1929 905 1991 Xntcrii
918 1930 950 1989 in
958 1929 1058 2010 primo

98 2027 224 2092 miraculo
235 2039 453 2112 postmortem,
473 2032 547 2093 etin
568 2030 718 2094 delatione
730 2032 766 2093 S.
790 2031 902 2093 Isidori
916 2032 1058 2113 inprime

99 2128 226 2193 miraculo
236 2140 303 2214 post
316 2141 450 2193 rnortem.

130 2236 210 2303 Circa
232 2259 331 2322 quam
352 2240 623 2323 incorruptionem
648 2242 755 2322 aliqua
775 2241 858 2303 mira
875 2259 933 2322 per
948 2241 1057 2304 visita·

99 2347 168 2403 tores
187 2344 375 2426 apostolicus
397 2344 563 2407 observata
585 2343 725 2407 fuerunt.
750 2343 866 2419 Primo,
886 2343 973 2425 quod
991 2360 1057 2407 ves·

15 2465 16 2513 t
98 2445 160 2509 titus
182 2450 322 2532 corporis
351 2450 492 2524 serioue,
520 2450 628 2513 minus
652 2448 872 2531 putrefactiuni
901 2448 1058 2512 obnoxius

15 2615 16 2634 χ
97 2566 179 2627 quam
192 2570 320 2634 corpus,
344 2552 491 2614 inventus
510 2550 605 2615 fucrit
617 2534 708 2614 'totus
722 2550 879 2633 putridus.
895 2550 1057 2626 Secundo,

15 2711 16 2724 ,
97 2652 169 2729 quod
192 2655 396 2729 schismatici,
424 2654 493 2716 visa
517 2655 694 2735 integritate
720 2654 876 2736 corporis,
901 2670 966 2717 non
991 2653 1058 2715 sinc

15 2760 16 2798 ἒ
97 2753 226 2837 lacrymis
250 2767 413 2841 peccatum
429 2778 521 2822 suum
541 2760 685 2823 detestati
708 2760 793 2834 sint,
823 2765 854 2821 et
879 2776 911 2821 se
935 2758 1058 2822 futuros

96 2856 187 2923 fideles
209 2863 420 2938 mitissimos,
445 2853 686 2926 conclamarint.
712 2863 831 2936 Tentis,
858 2860 945 2943 quod
973 2859 1057 2923 idem

15 2956 16 3039 l
96 2978 195 3044 corpus
208 2964 311 3027 fuerat
322 2984 378 3047 per
396 2984 450 3027 sex
468 2964 536 3027 dics
548 2964 609 3027 sub
623 2965 783 3027 altissimis
798 2964 888 3045 aquis
908 2963 1057 3027 ulnarum

97 3065 126 3123 ta
139 3066 345 3141 submersum,
357 3075 388 3129 et
399 3067 439 3129 ab
450 3067 552 3129 altiori
566 3068 636 3130 loco
646 3067 886 3149 praecipitatum,
901 3073 937 3128 ut
949 3065 1059 3128 dieunt

15 3211 16 3250 3
97 3169 173 3229 ustos
194 3174 243 3242 10,
262 3172 301 3231 83
323 3177 354 3230 ct
372 3172 422 3240 at,
446 3178 541 3250 atque
561 3169 593 3229 in
613 3170 684 3231 loco
703 3168 925 3231 humidissimo
944 3184 1058 3231 recon-

15 3253 16 3342 ξ
95 3264 193 3345 ditum,
211 3280 246 3333 ut
258 3271 370 3333 dicunt
382 3273 414 3355 in
431 3272 618 3342 visitatione,
634 3280 782 3333 ettamen
795 3271 952 3351 integrum
964 3278 1059 3351 atque

15 3375 16 3442 l
93 3370 298 3459 incorruptum
314 3378 478 3439 inventum
493 3376 563 3447 luit,
587 3395 652 3439 non
666 3378 745 3438 citra
759 3376 963 3449 adstantium,
981 3376 1057 3439 cleri

94 3491 193 3559 nempe
215 3480 382 3559 utriusque
393 3480 483 3553 ritus,
500 3479 700 3559 magistratus
714 3487 746 3541 et
760 3478 823 3540 lere
838 3479 933 3541 totius
946 3478 1057 3562 pupuli

92 3578 307 3656 admiratione,
336 3585 524 3646 miraculum
549 3583 580 3645 id
601 3602 668 3645 esse
687 3583 880 3645 testantium.
905 3583 968 3645 Nec
990 3600 1055 3645 non

93 3685 234 3748 accedunt
251 3687 312 3748 alia
328 3687 487 3749 mirabilia
508 3687 607 3766 signa,
623 3705 694 3768 quae
714 3693 934 3768 postmortem
962 3684 1057 3767 hujus

93 3787 160 3847 serni
174 3790 228 3849 Dei
242 3788 424 3851 acciderunt
433 3790 465 3851 in
477 3790 618 3870 sequenti
632 3797 721 3871 parte
735 3788 934 3851 recensenda.

126 3888 208 3951 Unde
226 3892 277 3951 his
291 3893 384 3953 simul
395 3893 513 3972 junctis
526 3910 599 3953 cum
618 3892 870 3973 probationibus,
885 3910 922 3953 eo
934 3890 1057 3955 facilius

92 3987 127 4047 ab
146 3992 310 4070 agentibus
338 4012 395 4074 pro
420 3994 557 4056 antistite
581 3993 752 4074 Josapbato
776 3993 989 4069 asserebatur,
1016 3994 1056 4057 dc
1129 3982 1131 3989 ’

91 4087 167 4152 illius
178 4094 328 4173 martyrio
340 4102 372 4155 et
384 4112 480 4157 causa
494 4094 635 4175 martyrii
652 4094 727 4156 satis
740 4102 894 4157 constare.

126 4200 337 4266 Defensionem
352 4213 457 4266 autern
472 4205 543 4266 tidci
559 4224 625 4267 esse
640 4222 823 4284 germanam
839 4214 869 4268 et
883 4206 1055 4286 legitimam
