3259 5484
441 695 620 766 ..95-

56 857 162 948 dycae,
190 864 329 928 arceret
348 858 463 927 visum
492 858 638 950 pupuli:
662 857 900 927 nudissimum
923 856 1016 925 enim

56 992 180 1038 sacrum
201 972 319 1040 luerat
335 971 495 1040 cadaver.
517 974 596 1062 lpse
617 991 701 1039 vero
717 968 877 1060 flagello,
895 966 1017 1059 populi

55 1082 199 1152 curiosos
211 1084 385 1153 nuditatis
401 1082 572 1163 intuitus,
596 1081 773 1174 abigebat.
796 1084 843 1150 Ac
859 1080 1017 1149 lintrium

56 1194 137 1262 alius
150 1202 350 1264 extractum
376 1217 529 1286 corpus,
556 1200 674 1285 tapete
689 1198 908 1271 contectum,
927 1191 1017 1259 alius

54 1306 176 1396 lapides
197 1308 336 1400 accepit
355 1315 427 1376 tam
444 1308 614 1399 grandes,
640 1314 681 1375 ul
699 1308 769 1375 duo
795 1305 932 1374 robusti
952 1306 1016 1373 viri

53 1416 135 1485 ferre
153 1417 233 1487 illos
258 1417 461 1509 nequirent.
486 1418 594 1497 Dein,
629 1417 695 1486 sub
717 1439 834 1487 arcem
862 1418 1017 1487 secundo

53 1534 245 1616 perrectum
279 1528 436 1598 flumine.
464 1528 527 1597 llic
552 1528 683 1597 leretro
706 1535 830 1619 parato
860 1534 1017 1619 exceptae

51 1638 204 1729 martyris
229 1638 390 1718 exuviae,
414 1638 643 1729 straguloque
667 1638 805 1707 decenti
823 1643 1014 1719 contectae,

49 1746 80 1813 iu
101 1749 285 1818 ecclesiam
308 1753 341 1818 S.
367 1743 546 1819 Michaelis
580 1749 758 1818 unitorum
780 1749 911 1831 illalae,
936 1772 1016 1819 cum

49 1866 142 1928 cantu
163 1868 199 1929 et
213 1861 361 1953 planctu
377 1883 483 1952 quam
497 1860 672 1941 maximo,
698 1861 805 1930 unitis
820 1862 1017 1931 sacerdoti-

50 1967 108 2037 bus
123 1977 157 2039 et
170 1972 306 2063 pupulo
324 1972 521 2063 praegrandi
550 1972 820 2041 deducentibus.
843 1972 1016 2041 Continuo

53 2101 125 2149 vero
141 2089 180 2150 ut
202 2088 402 2151 extractum
421 2103 551 2173 corpus
566 2082 730 2162 flumine,
750 2082 902 2151 horridae
916 2105 1017 2151 cras·
1043 2062 1229 2168 autunum?
1243 2064 1288 2107 ‘¹⁵⁰⁸

49 2210 157 2281 saque
194 2190 356 2261 cecidere
392 2191 524 2271 nubes,
564 2213 644 2260 cum
682 2215 745 2261 sex
777 2192 904 2263 diebus
946 2194 1017 2263 illis

48 2302 166 2369 eoelum
187 2303 440 2371 inhorruisset.
464 2308 506 2371 Et
527 2310 602 2372 lum
622 2305 763 2374 demum
791 2306 867 2375 dies
890 2307 1017 2375 claruit

48 2413 246 2495 latissima,
279 2436 414 2506 parque
441 2416 590 2498 aestivae,
620 2418 714 2508 quod
750 2418 784 2485 in
813 2416 1016 2488 borealibus

48 2525 220 2596 insolitum
240 2528 356 2619 plagis
370 2550 378 2609 ;
399 2534 440 2596 ut
456 2527 536 2597 coeli
561 2549 703 2620 quoque
720 2529 789 2621 ipsi
805 2530 848 2599 de
863 2530 1015 2599 inventis

49 2640 205 2730 martyris
240 2639 389 2731 lipsanis
432 2661 530 2708 suam
565 2639 687 2709 testari
720 2640 880 2709 laetitiam
912 2640 1015 2709 vide-

49 2760 172 2821 rentur.

84 2877 255 2943 Caeterum
282 2895 362 2942 cum
382 2874 517 2941 fuscam
535 2872 635 2941 vivus
651 2872 804 2964 speciem
824 2871 1010 2954 habuerit,
1041 2908 1289 2965 Punhffludopmmn.

47 2993 199 3054 mortuus
223 2984 327 3075 longe
349 2983 478 3063 albior,
503 2983 659 3052 admixto
681 2984 837 3064 rubore,
865 3006 1014 3075 compa·
1140 2977 1191 3015 ‘⁶¹¹¹'

47 3095 135 3163 ruit:
159 3098 282 3165 forsan
312 3095 427 3163 scelus
455 3094 572 3163 ovium
599 3116 743 3163 suarum
771 3095 937 3175 erubuit,
968 3117 1012 3163 an

46 3206 161 3298 impias
184 3230 270 3277 oves
298 3206 507 3276 erubescere
529 3206 653 3276 voluit.
682 3207 794 3275 Labra
820 3229 1012 3299 purpuram

45 3325 75 3383 et
94 3318 281 3386 corallium
303 3318 481 3397 serebant,
498 3317 645 3409 gloriam
665 3318 845 3387 coelestem
868 3315 1012 3406 spiran-

46 3423 105 3503 tia,
123 3432 159 3493 et
171 3424 279 3516 quasi
294 3424 527 3515 loquerentur
536 3424 681 3492 vivacia.
698 3421 796 3493 Oculi
811 3421 918 3491 veluti
932 3420 1014 3489 data

46 3560 145 3631 opera
163 3540 279 3611 clausi
297 3564 304 3608 :
327 3563 371 3611 ne
394 3540 588 3633 parricidas
603 3540 851 3610 intuerentur:
874 3560 917 3607 an
931 3560 1014 3607 vero

45 3657 79 3717 ut
92 3651 248 3743 insipido
264 3673 387 3721 eorum
407 3652 481 3721 zelo
496 3651 744 3731 conniverent,
770 3658 937 3741 tanquam
956 3672 1015 3720 ne-

42 3762 233 3833 scientibus
248 3764 335 3855 quid
345 3763 505 3833 fecerint.
523 3763 642 3832 Facies
653 3764 830 3855 quondam
844 3762 911 3832 vivi
927 3785 1015 3854 pec-

41 3879 170 3943 catores
197 3875 382 3945 intuentes
402 3876 445 3944 ad
467 3876 603 3968 frugem
626 3875 754 3944 bonam
774 3874 983 3944 hortabatur
1002 3898 1010 3956 ;

41 3989 163 4056 mortui
174 3988 373 4080 jucundam
385 3987 772 4079 profundensgratiam,
786 3986 892 4056 etiam
908 4008 1015 4055 saxea

38 4096 188 4185 hostium
209 4101 317 4169 corda
332 4100 556 4182 emolliebat,
585 4103 683 4171 utin
707 4104 881 4194 lacrymas
903 4103 1014 4173 solue-
