3259 5484
950 717 1124 787 ..76-

290 872 406 917 *lm
429 870 508 915 Μ
548 895 622 943 rem
638 873 782 944 rebellis
800 876 900 955 ovis,
927 897 1063 968 magnae
1087 877 1228 968 quidem
1254 878 1375 970 stirpis
1403 880 1522 949 Masal-

289 933 375 979 nolim
386 932 469 989 widun
479 932 507 986 el,

548 985 654 1066 scius
672 993 708 1055 at
723 986 832 1078 impio
853 986 1050 1055 trucidandi
1072 988 1223 1079 pastoris
1237 995 1378 1057 conatu.
1394 994 1520 1059 Verum

549 1098 666 1169 nescia
682 1106 800 1168 monte
814 1098 920 1168 sortis
933 1100 1084 1179 sutura,
1107 1100 1229 1169 eadem
1249 1102 1345 1179 luce,
1363 1100 1407 1169 ab
1423 1102 1522 1169 hoste

550 1231 635 1288 suo,
658 1208 778 1278 lethali
792 1210 1008 1301 praevenitur
1028 1210 1144 1301 globo.
1168 1214 1355 1279 Immemor
1382 1210 1523 1279 malitiae

550 1319 678 1413 perditi
703 1319 876 1399 bominis,
902 1320 1056 1389 accurrit
1076 1322 1261 1412 iosaphat,
1281 1321 1526 1390 conciliaretur

551 1431 639 1511 sibi,
663 1437 701 1500 ut
721 1452 803 1500 mox
813 1431 925 1522 judici
939 1440 1072 1501 aeterno
1091 1434 1361 1525 praescntandus
1385 1456 1393 1500 :
1418 1433 1527 1501 scbis-

551 1544 636 1611 mali
673 1543 907 1623 valediceret,
938 1545 990 1612 uti
1023 1544 1104 1612 vitae
1129 1543 1227 1613 brevi
1256 1544 1527 1613 valedicturus:

551 1661 694 1725 aelernae
709 1653 834 1723 salutis
854 1675 988 1724 memor
1004 1663 1118 1734 esset,
1138 1677 1181 1724 ne
1197 1676 1260 1746 per
1275 1662 1423 1724 mortem
1438 1677 1530 1746 prae·

552 1774 706 1843 sentem,
728 1771 898 1834 aeternam
918 1764 1111 1835 inchoaret.
1137 1768 1210 1834 Non
1228 1767 1261 1834 in
1280 1787 1417 1835 cassum
1437 1766 1530 1833 salu·

554 1876 641 1945 taris
655 1875 743 1945 abiit
766 1898 900 1957 sermo,
919 1899 998 1946 cum
1015 1878 1085 1946 vita
1112 1886 1148 1947 et
1175 1885 1288 1948 morte
1310 1879 1527 1956 luctantem,

552 1990 703 2060 amicum
732 1990 847 2083 primo
872 1992 948 2071 sui,
979 2000 1051 2061 tum
1085 1994 1146 2062 Dei
1182 1993 1308 2063 effecit.
1337 1997 1530 2082 Postquam

553 2104 718 2174 nimirum
734 2104 942 2174 catholicam
958 2106 1062 2173 fidem
1074 2105 1266 2197 professus,
1278 2103 1532 2173 conscientiam

554 2236 670 2284 coram
692 2216 817 2285 eodem
839 2216 1059 2307 depurasset.
1086 2214 1209 2284 Divino
1234 2216 1378 2307 insuper
1402 2213 1532 2282 viatico

555 2329 749 2407 refectum,
773 2349 853 2396 curn
876 2350 938 2419 spo
954 2328 1066 2397 felicis
1088 2328 1297 2397 aeternilatis
1319 2326 1533 2397 morientem

554 2439 780 2509 intuitusest.
802 2444 872 2509 Nec
886 2443 1012 2521 Orszae,
1031 2440 1171 2510 civitate
1188 2463 1257 2511 non
1268 2448 1445 2533 postrema
1462 2446 1535 2509 Po-

555 2550 706 2620 locensis
719 2550 903 2630 dioecesiS‚
921 2558 1023 2620 extra
1038 2552 1235 2643 periculum
1251 2552 1332 2620 vitm
1346 2550 1414 2620 fuit
1427 2556 1537 2619 losa-

556 2667 660 2757 pbat‚
678 2686 784 2756 quam
807 2664 1009 2734 visitatione
1025 2686 1110 2748 sua,
1137 2674 1173 2734 et
1196 2664 1309 2733 modis
1328 2663 1536 2756 quibusque

556 2776 624 2868 piis
639 2778 808 2846 reducere
828 2777 870 2845 ad
884 2776 1056 2868 gremium
1078 2782 1208 2845 sanctae
1231 2775 1353 2844 matris
1367 2774 1537 2843 Ecclesiae

558 2888 657 2956 nisus
672 2894 737 2958 est.
755 2888 892 2980 Quippe
908 2888 1034 2981 etipsa
1050 2888 1086 2956 in
1106 2909 1228 2957 necem
1253 2888 1330 2980 ejus
1345 2885 1538 2975 conspira-

556 3004 670 3077 verat,
693 3020 734 3067 ac
747 2998 994 3068 Vitebscenses
1017 2999 1052 3067 in
1073 2999 1206 3069 scolere
1222 3005 1340 3077 tanto,
1359 2996 1534 3076 consilio,

496 3144 503 3157 ·
557 3130 680 3187 manu,
694 3131 782 3188 aere,
802 3131 870 3177 non
886 3109 1004 3177 minus
1018 3108 1199 3200 adjuvare,
1217 3130 1322 3199 quam
1338 3107 1538 3199 praevenire

314 3448 427 3493 munior
443 3448 505 3492 oniti.

558 3225 680 3311 parata
695 3220 786 3288 fuit:
808 3242 886 3288 curn
909 3220 1184 3311 demergendum
1207 3219 1306 3287 illum
1326 3216 1538 3286 Boristbeue

559 3329 794 3400 minitaretur.

604 3443 817 3533 Conglobata
850 3444 990 3512 lucrant
1021 3443 1064 3511 iis
1096 3442 1316 3533 temporibus
1346 3442 1382 3509 in
1417 3441 1541 3509 unitos

560 3554 663 3622 mala.
681 3555 817 3647 Quippe
829 3554 1001 3624 Antonius
1014 3554 1248 3635 Grecoviciim,
1267 3555 1408 3625 Ordinis
1423 3554 1541 3624 nostri
1622 3600 1624 3635 ἐ

561 3665 747 3757 presbyter
765 3673 801 3736 et
817 3667 974 3735 officialis
993 3666 1124 3736 Rulsoii
1142 3666 1417 3758 metropolitani,
1448 3666 1543 3735 Kio-
1622 3714 1624 3737 i

560 3778 638 3857 viae,
652 3786 771 3858 noctu,
785 3780 829 3848 de
840 3779 931 3847 lecto
941 3801 960 3846 a
970 3779 1297 3871 Cosacisabreplus,
1312 3779 1543 3847 solonomine
1623 3762 1624 3767 ἵ

563 3889 716 3969 unionis,
750 3890 787 3957 in
811 3890 1018 3959 Boristbene
1048 3891 1231 3960 demersus
1264 3895 1329 3957 est.
1365 3889 1545 3957 Antonius
1623 3930 1624 3933 =

561 3999 810 4079 Butlo'evicius,
833 3999 955 4069 itidem
979 3999 1166 4091 religiosus
1179 4006 1214 4068 ct
1235 3999 1433 4091 presbyter,
1456 4000 1546 4068 visi-

561 4120 655 4183 tator
673 4114 961 4204 Praemysliensis,
986 4114 1022 4181 in
1038 4116 1205 4185 Pascbate
1220 4114 1308 4206 ipso,
1327 4114 1369 4181 ad
1391 4113 1507 4185 altare
1524 4138 1547 4183 a
