3259 5484
322 1470 479 1515 Sehimuttcnn
494 1472 566 1529 sthur,

348 1545 430 1607 moeno
447 1534 519 1590 stirpis
528 1535 565 1579 to·

348 1606 434 1641 mrum.

316 3321 560 3379 aminaea-domm-

401 3410 473 3441 dorum

309 4141 330 4180 ot
339 4136 422 4182 tonina
435 4138 553 4195 cujusdam.

993 686 1172 758 ...66-

595 842 796 924 aestimans,
828 844 863 912 in
887 843 1086 914 venientem
1102 846 1325 937 postmodum
1347 848 1390 917 ad
1410 870 1447 917 se
1470 849 1552 919 fero·

594 954 707 1024 ciores
728 954 842 1025 emitti
867 976 972 1025 canes
992 956 1121 1047 jussit,
1143 961 1183 1026 ut
1204 955 1447 1049 importunum
1465 960 1552 1051 ejus-

593 1068 689 1138 modi
703 1091 792 1138 ausu
811 1070 916 1139 domo
931 1076 1068 1141 arceret
1089 1070 1300 1162 apostolum.
1317 1072 1385 1141 Sed
1400 1072 1552 1141 ferocita-

594 1183 666 1247 tem
695 1179 792 1249 exuti
821 1201 947 1260 cenes,
974 1180 1153 1249 dominam
1183 1182 1227 1251 ad
1260 1184 1550 1252 mansuetudinem

594 1291 785 1361 deduxere.
806 1292 1009 1362 Constantia
1031 1293 1125 1363 enim
1148 1295 1327 1387 Iosophati
1349 1295 1478 1376 evicta,
1495 1300 1552 1365 heo

593 1409 630 1473 et
644 1402 725 1473 tidei
741 1412 871 1473 sanctae
885 1424 1011 1473 manus
1022 1404 1131 1474 dedit.
1281 1412 1285 1419 '

636 1520 851 1590 Theodoram
866 1520 986 1591 itidem
998 1520 1222 1593 Voloviciam.
1236 1522 1485 1615 christophoro
1494 1522 1553 1591 Zie

592 1635 743 1717 novitio,
771 1636 927 1727 palatino
960 1636 1159 1717 Polocensi,
1191 1636 1366 1719 connuhio
1388 1635 1551 1726 quondan

587 1746 765 1836 junctam,
778 1749 839 1819 sed
853 1749 977 1818 duram
997 1726 1274 1829 schismaticam,
1293 1746 1451 1817 emollire
1467 1744 1553 1815 desi-

591 1865 726 1935 deravit
735 1866 914 1957 iosaphat.
929 1869 971 1933 Et
985 1886 1066 1935 cum
1082 1886 1187 1956 saepe,
1204 1864 1286 1933 licet
1300 1862 1480 1943 modestis,
1497 1860 1551 1952 ipsi

591 1984 708 2046 tamen
722 1977 902 2062 molestis,
920 1977 1033 2047 modis
1048 1984 1203 2047 sanctam
1221 1964 1453 2073 persuaderet
1467 1974 1552 2043 unio·

590 2113 689 2173 nem,
723 2114 850 2161 canum
891 2092 1011 2161 itidem
1049 2091 1109 2160 illa
1145 2090 1362 2161 ferocissimo
1400 2086 1551 2181 praesidio

590 2204 732 2273 domum
772 2226 872 2274 suam
908 2204 1046 2275 munire
1079 2202 1279 2283 mandavit,
1304 2204 1551 2293 iosaphatoqne

590 2335 786 2406 opponere;
805 2337 848 2385 ne
869 2313 1020 2407 amplius
1047 2335 1124 2385 eam
1152 2314 1324 2393 invisenS,
1347 2335 1456 2404 super
1471 2310 1553 2401 abji-

590 2424 714 2493 cienda
737 2424 942 2494 molestaret
962 2424 1182 2494 orthodoxia.
1200 2424 1266 2493 Sed
1282 2424 1388 2493 etiarn
1408 2423 1446 2491 hi
1461 2443 1553 2489 man-

589 2534 755 2615 suefacti,
780 2533 877 2605 adire
905 2534 1174 2605 immansuetum
1203 2535 1380 2605 dominam
1396 2534 1449 2603 illi
1478 2556 1552 2626 per-

590 2646 729 2716 misere.
760 2651 802 2715 ut
828 2651 899 2717 Deo
925 2646 1115 2717 miserante
1143 2668 1410 2725 mansuescens,
1435 2645 1473 2712 in
1496 2645 1552 2712 fide

589 2767 710 2828 sancta
724 2759 877 2851 palmam
892 2758 1016 2829 victori
1029 2758 1184 2851 praehuit
1195 2760 1396 2851 Josaphato.

634 2869 706 2939 Tali
734 2870 796 2939 Dei
825 2871 981 2950 dextera,
1007 2870 1118 2963 ipsius
1136 2870 1316 2963 iosaphati
1330 2871 1457 2961 juncta
1475 2865 1566 2938 eomi'

588 2982 821 3063 dexteritate,
847 2982 1079 3053 schismaticis
1100 3006 1241 3077 quoque
1260 2984 1339 3053 aliis
1359 2983 1553 3053 mollescen-

589 3095 707 3175 tibus‚
726 3100 833 3187 atque
852 3094 1018 3165 unionem
1034 3102 1070 3165 et
1082 3096 1318 3165 obedientiam
1332 3099 1366 3163 S.
1386 3098 1423 3162 R.
1441 3093 1553 3163 Eccle-

590 3206 652 3275 siae
672 3205 980 3299 amplectentibus,
1002 3208 1080 3277 aliis
1096 3230 1179 3279 vero
1199 3207 1235 3276 in
1250 3230 1314 3277 sua
1335 3206 1468 3277 duritie
1488 3226 1553 3297 per·

587 3318 820 3399 sistentibuS,
859 3340 939 3388 cum
974 3320 1142 3411 Josaphat
1164 3318 1199 3385 in
1223 3318 1314 3398 dies,
1346 3323 1421 3386 tum
1459 3315 1553 3385 etiam

586 3430 744 3499 conversi
784 3429 978 3521 probavere
1014 3429 1125 3510 uniti,
1167 3434 1340 3520 quantum
1372 3427 1461 3497 insit
1494 3425 1554 3493 oh-

586 3541 679 3633 stipo
707 3540 890 3610 schismati
923 3540 1138 3632 pervicaciae.
1180 3538 1327 3631 Sanguis
1351 3537 1452 3607 enim
1487 3556 1553 3605 san·

586 3656 729 3748 guinem
746 3657 869 3725 oderat
884 3654 1085 3747 proprium,
1101 3659 1141 3722 ut
1158 3659 1194 3723 et
1221 3651 1314 3721 oculi
1329 3657 1552 3743 cognatorum

586 3790 606 3835 a
618 3766 776 3860 cognatis
790 3769 1046 3844 averterentur,
1060 3770 1095 3833 et
1103 3763 1147 3832 ah
1156 3762 1290 3831 intimis
1304 3760 1414 3829 amiea
1424 3761 1555 3852 fugeret

587 3878 772 3948 salutatio.
786 3882 896 3949 Mater
911 3874 1016 3945 etiam
1032 3875 1106 3943 visa
1121 3872 1280 3943 oblivisci
1293 3871 1473 3943 viscerum
1485 3890 1553 3939 suo

583 4011 686 4069 rum,
732 4010 812 4082 quae
853 3986 1104 4079 septemdecim
1134 3985 1235 4053 annis
1262 3984 1347 4065 filio,
1384 3986 1554 4053 Dorotheo

585 4099 857 4178 hehremovicz,
893 4098 936 4166 ad
962 4096 1129 4166 unionem
1159 4108 1345 4174 converso,
1378 4107 1554 4185 nunquam
