3259 5484
737 1005 917 1075 JOSEPHO
938 1002 1237 1073 METROPOLITAE
1260 1001 1415 1068 RUSSIAE

633 1246 699 1291 OCT-
720 1245 811 1291 cttlttt.
834 1242 996 1299 canutum,
1019 1239 1197 1287 PRAEFEGTUS
1218 1241 1243 1285 S.
1267 1236 1513 1285 cononeulrlon'ls

894 1355 933 1402 lte
954 1354 1147 1401 exornentur
1167 1352 1246 1397 rtur.

629 1629 760 1691 Litteras
776 1625 1003 1709 Amplitudinis
1014 1626 1102 1699 Tuae,
1122 1632 1153 1686 et
1171 1624 1432 1707 coepiscoporum
1451 1625 1553 1687 Unito-

589 1750 680 1806 rum,
700 1749 825 1793 summa
844 1748 918 1793 cum
937 1729 1043 1792 laetitie
1062 1729 1206 1809 legimus.
1227 1728 1273 1789 Ex
1288 1729 1326 1791 iis
1340 1730 1468 1791 enimet
1483 1729 1554 1807 grati

588 1837 687 1899 animi
701 1836 793 1898 vestri
808 1854 881 1915 erga
897 1853 1017 1897 sacram
1032 1834 1116 1896 hanc
1132 1833 1172 1896 de
1190 1834 1281 1916 Prop.
1296 1833 1373 1896 Fide
1387 1834 1554 1915 Congrege-

589 1940 708 2002 tionem
729 1940 946 2001 lirmissimum
966 1937 1200 2011 testimoninm,
1218 1946 1249 1999 et
1262 1938 1512 2017 magnitudinem
1525 1956 1555 1998 ac

588 2042 687 2105 robur
700 2040 740 2103 ad
751 2058 961 2123 quaecumque
975 2039 1128 2101 terribilia
1139 2056 1198 2120 pro
1210 2037 1395 2101 defensione
1412 2041 1556 2120 primatus

588 2144 619 2207 S.
637 2145 672 2206 R.
690 2145 725 2206 E.
740 2142 940 2227 perferenda,
958 2160 1022 2205 non
1039 2142 1144 2204 solum
1158 2142 1380 2222 cognovimus,
1398 2140 1452 2203 scd
1466 2142 1555 2203 oculis

588 2244 664 2325 ipsis
681 2242 908 2325 perspeximus.
926 2242 969 2303 lic
987 2248 1094 2303 nostra
1108 2251 1214 2303 autem
1241 2241 1273 2302 in
1297 2258 1354 2302 vos
1367 2248 1398 2302 et
1410 2241 1554 2303 Unionern

587 2352 720 2405 vestram
744 2343 939 2405 infuturum
961 2342 1199 2414 benevolentia,
1223 2342 1402 2422 nostrisque
1420 2360 1492 2420 erga
1512 2358 1553 2400 res

589 2444 836 2517 vestrasstudiis,
845 2445 909 2507 sive
918 2444 981 2507 illae
991 2443 1030 2505 ad
1038 2444 1192 2506 honorem
1201 2444 1424 2523 etdignitatem
1433 2452 1554 2506 vestram

589 2547 806 2612 sustinendam
822 2555 852 2609 et
866 2544 1135 2628 amplificandam,
1156 2546 1220 2607 sire
1233 2544 1273 2606 ad
1287 2553 1462 2607 vestrarum
1476 2544 1556 2605 eccle·

589 2652 708 2714 siarum
729 2651 869 2730 regimen
891 2648 1086 2713 fulciendum
1113 2667 1149 2711 ac
1167 2648 1346 2729 jurandum
1371 2649 1554 2730 pertineant,

588 2752 735 2833 dubitare
754 2770 819 2814 non
838 2750 968 2839 debetis.
984 2750 1064 2813 Num
1083 2768 1207 2831 semper
1222 2758 1284 2811 tam
1307 2750 1392 2831 opud
1407 2766 1555 2811 summum

588 2858 751 2920 catlrolicae
766 2855 914 2917 Ecclesiae
928 2852 1107 2926 Praesulem‚
1120 2871 1217 2933 qnam
1233 2851 1319 2933 apud
1332 2852 1555 2913 serenissimum

588 2953 730 3020 Potoniae'
743 2975 868 3036 regem,
884 2953 1038 3017 desideria
1053 2962 1084 3014 ct
1105 2953 1334 3034 postulationes
1355 2960 1473 3013 vestras
1493 2950 1554 3011 totis

583 3060 709 3121 'viribus
724 3058 992 3141 promovebimus.
1005 3058 1049 3119 lie
1061 3057 1200 3136 Collegio
1216 3058 1247 3117 in
1263 3056 1372 3119 Russia
1392 3057 1431 3119 ad
1446 3056 1555 3118 institu-

581 3162 707 3223 tionem
716 3160 935 3241 operariorum
948 3177 1006 3240 pro
1018 3159 1155 3220 ruthena
1170 3159 1307 3219 Ecclesia
1325 3158 1486 3238 erigendo,
1507 3156 1555 3217 du-

592 3265 724 3348 plicatas
747 3262 1015 3326 NuntioPoloniae
1036 3261 1156 3322 litteras
1169 3259 1333 3333 dedimus,
1355 3269 1477 3321 etcum
1499 3258 1556 3337 ejus

591 3386 779 3450 responsum
792 3365 1016 3446 acceperimus,
1031 3363 1163 3425 senode
1178 3362 1362 3443 hujusmodi
1377 3382 1410 3423 re
1426 3359 1556 3423 tractabi-

590 3492 678 3545 mus,
694 3470 764 3533 etsi
787 3469 855 3531 sieri
874 3467 1004 3550 poterit,
1023 3474 1058 3527 ut
1072 3464 1228 3527 desiderio
1244 3472 1349 3526 restro
1364 3465 1492 3525 omnino
1510 3462 1555 3522 liat

589 3575 674 3646 satis,
691 3572 883 3634 curabimus.
898 3568 1073 3631 Scribimus
1085 3568 1180 3628 etiam
1189 3565 1228 3627 de
1237 3565 1348 3627 eodem
1361 3564 1484 3644 negotio
1491 3562 1556 3643 epis-

588 3697 669 3759 copo
682 3675 834 3747 Vilnensi‚
853 3672 995 3745 Unionis
1012 3678 1107 3751 prout
1121 3688 1201 3751 saepe
1212 3670 1437 3741 intelleximus
1449 3664 1554 3729 amicis·

587 3782 688 3842 simo:
707 3776 849 3858 eoquod
874 3793 1037 3857 speramus
1057 3774 1149 3835 illum
1169 3773 1309 3854 potentia
1330 3781 1361 3834 et
1382 3770 1553 3834 anctoritate

589 3903 647 3946 sua
666 3882 841 3966 plurimum
862 3878 971 3941 auxilii
992 3876 1140 3938 erectioni
1156 3876 1279 3954 collegii
1299 3894 1367 3937 esse
1384 3876 1552 3937 allaturum.

588 3988 711 4057 Valete,
725 3994 783 4045 etc.

630 4131 746 4204 Rornae,
763 4130 814 4192 die
828 4133 848 4189 4
861 4126 936 4189 maii
952 4129 1040 4188 leet.
