3259 5484
459 634 659 703 -205-

97 794 251 871 quartini,
266 792 478 872 sigismunde,
493 794 630 857 Poloniae
645 812 698 855 rex
714 795 940 876 potentissime,
956 796 1047 877 cujus

97 911 204 973 ῑεςηυιι]
213 905 370 977 quantum
386 896 514 957 militari
526 896 707 978 praestantia
725 896 877 960 barbaros
890 897 998 959 domat
1012 916 1047 959 ac

96 993 1048 1081 frangit,tantuminterclrristianospopulosllunceviciisplon-

95 1092 153 1155 dore
162 1095 347 1158 illustratum
357 1096 457 1175 gloria
471 1096 595 1178 pietatis
603 1098 726 1159 emicat.
738 1097 782 1158 Tu
795 1097 932 1177 persidos
942 1097 1047 1159 statim

95 1195 199 1260 sicarios
211 1198 318 1260 debito
334 1198 491 1280 supplicio
506 1199 643 1272 afficere,
661 1199 794 1261 rebelles
807 1201 890 1261 cives
904 1199 1048 1261 libertate

94 1299 210 1378 spoliari,
223 1310 303 1363 tecta
315 1320 396 1383 pene
411 1301 479 1363 solo
491 1302 620 1382 aquari,
636 1320 673 1364 ac
694 1302 805 1363 urbem
819 1310 916 1365 totam
931 1320 1048 1383 prope-

94 1400 202 1464 modum
225 1404 322 1467 deleri
342 1404 472 1485 jussisti.
490 1403 611 1478 Quibus
622 1404 802 1485 justissimae
824 1404 1049 1485 indignationis

92 1507 262 1583 argumentis
280 1505 475 1568 nobilissima
491 1504 578 1567 lllbae
593 1506 710 1568 Russiae
725 1506 907 1588 provincia,
924 1515 955 1568 et
966 1524 1048 1589 ‹pua-

92 1603 141 1664 lem
154 1608 300 1668 amisisset
318 1607 506 1681 antistitem,
522 1615 552 1668 et
563 1607 691 1688 qualem
705 1607 837 1677 liaberet
854 1608 1046 1690 principem,

93 1705 234 1772 intellexit.
247 1712 293 1771 Tu
304 1710 465 1772 fortissimi
480 1710 625 1791 martyris
635 1728 751 1772 nomen
763 1709 802 1772 ad
813 1712 941 1772 ultimas
951 1720 1049 1772 terras

91 1806 226 1887 detulisti,
248 1822 284 1873 ut
305 1830 371 1894 quo
389 1811 582 1892 sigismundi
598 1830 714 1873 nomen
728 1812 921 1894 pervenerit,
938 1812 1048 1874 eodem

91 1910 249 1977 Kuncevicii
273 1915 358 1977 lama
378 1922 566 1996 penetraret.
589 1915 695 1977 Romae
714 1933 789 1977 vero
808 1922 862 1977 tua
888 1914 990 1977 studia
1016 1914 1047 1975 in

90 2018 235 2093 presulem
254 2017 381 2099 publice
406 2018 639 2079 sanctissimum
653 2017 837 2092 decantata,
855 2017 1048 2099 amplissimo

90 2129 333 2200 purpuratorum·
355 2120 483 2182 Petrum
508 2120 629 2182 senatui
653 2120 831 2200 gratissimo
856 2119 1046 2183 acciderunt.

90 2219 151 2302 Spes
159 2233 211 2299 est,
224 2233 259 2288 ut
270 2225 349 2287 tanti
361 2224 422 2285 viri
437 2225 536 2286 virtus
545 2234 698 2305 tanquam
711 2225 892 2305 exemplum
900 2223 1050 2286 omnibus

90 2322 260 2389 imitandum
286 2326 413 2407 publice
438 2335 650 2407 proponatur,
675 2325 852 2406 debitisque
872 2324 1049 2387 honoribus

88 2431 244 2513 excipiatur
267 2442 327 2495 :ut
352 2432 483 2513 quando
508 2433 561 2494 ille
587 2432 686 2494 beatis
709 2450 860 2515 superum
883 2430 1050 2494 ordinibus

88 2531 259 2617 adscriptus,
274 2537 421 2598 maximae
433 2536 572 2617 pietatis,
584 2536 749 2598 charitatis
762 2536 895 2611 eximiae,
912 2544 1048 2597 strenuae

88 2630 261 2702 fortitudinis
272 2640 428 2721 triplicem
438 2640 580 2701 lauream
594 2647 641 2700 est
654 2646 851 2711 consecutus,
868 2647 1046 2700 nostrarum

86 2738 167 2800 etiam
186 2742 317 2805 laudum
333 2741 561 2824 appendicem,
581 2742 622 2804 ad
636 2742 753 2803 Russiae
768 2741 864 2805 decus
877 2750 1047 2813 aeternum,

86 2839 118 2900 ad
130 2854 309 2925 perpetuam
323 2845 503 2907 christianae
518 2844 679 2925 religionis
692 2845 894 2918 firmitatem,
918 2844 957 2906 ad
975 2844 1048 2905 hos-

87 2945 153 3008 tium
165 2949 341 3013 immortale
356 2950 561 3032 supplicium,
580 2949 620 3011 ad
632 2950 786 3011 virtutum
797 2947 1048 3011 commendatio-

21 3089 22 3143 3
87 3065 148 3111 nem
161 3054 388 3135 sempiternam
403 3059 624 3133 consequatur.
649 3081 651 3084 ·
671 3123 674 3128 ,

266 3233 324 3312 (En
338 3198 511 3314 Specr'mr'rae
519 3232 661 3293 Ecclesiae
674 3231 857 3318 Ruthmr'coe,
870 3229 919 3292 ed.
934 3230 1043 3303 Paris,

311 3351 342 3413 p.
360 3336 415 3392 em
432 3339 557 3412 etseq.)
