3259 5484
446 636 647 705 „aot-

91 785 232 851 idoneitate
241 791 378 866 testium,
393 802 506 855 natura
519 794 678 869 miraculi,
691 804 724 857 et
734 794 874 877 pensatis
886 793 1037 857 omnibus

88 888 313 967 circumstantiis,
320 901 455 956 statuere
469 894 579 970 debet,
593 914 667 977 qne
678 903 710 957 et
722 904 843 977 quanta
853 895 931 958 tides
943 895 1037 959 unico

89 992 141 1053 teti
152 994 187 1055 sit
199 994 387 1071 adhibenda,
400 996 571 1078 prudenter
582 998 823 1061 monuitll.P.l).
840 997 1037 1061 Conteloriua

87 1092 233 1158 dmnoniz.
246 1098 384 1161 Sanctor.
399 1120 465 1181 cap.
477 1106 526 1176 lii,
539 1122 619 1164 nant.
634 1106 685 1176 at,
699 1101 731 1161 in
742 1100 810 1183 fine,
825 1109 855 1162 et
866 1099 926 1162 tuit
935 1100 1035 1162 anim·

86 1195 228 1262 adversum
245 1202 277 1261 in
294 1202 447 1265 llelotr'one
461 1203 497 1265 S.
524 1204 709 1285 Rnymundi,
730 1212 812 1285 port.
830 1208 859 1277 2,
873 1212 934 1265 art.
950 1208 986 1277 8,
1004 1204 1035 1265 in

86 1300 263 1365 delationes.
280 1306 447 1368 Froaeiscoe
457 1306 608 1381 Beroeam,
618 1314 704 1387 part.
720 1312 751 1381 3,
764 1313 817 1366 art
842 1310 878 1383 2,
893 1303 1036 1366 miraculo

85 1405 196 1467 letari.
210 1412 228 1469 2
242 1408 385 1469 miraculo
394 1412 425 1485 a,
441 1417 530 1489 cique
543 1409 576 1468 in
590 1407 745 1470 delatione
755 1410 789 1469 S.
801 1406 915 1481 Caroli,
928 1409 1036 1489 periti

85 1504 170 1567 mirac.
186 1511 290 1570 letio
304 1510 385 1571 aliis.
395 1510 495 1591 ldqne
506 1510 706 1591 potissimum
714 1508 851 1591 pendere
861 1528 879 1571 a
890 1508 1038 1571 Sanctita-

84 1605 115 1666 tis
122 1606 225 1672 Vestrae
239 1612 369 1673 arbitrio
382 1611 589 1687 asserebatur,
598 1611 689 1692 cujus
698 1618 908 1673 antecessores
916 1610 1034 1682 Leolll,

85 1707 264 1781 Innocentius
284 1716 340 1791 ΙΙΙ,
367 1716 544 1779 Alexander
566 1716 624 1791 ΙΙΙ,
646 1716 783 1779 loannes
808 1716 882 1791 XV,
908 1714 1002 1777 Bonil
1019 1750 1036 1761 -

84 1811 203 1890 ciusll,
216 1818 279 1881 Leo
293 1819 320 1880 X
333 1819 430 1882 etalii
450 1818 647 1885 admiserunt
664 1819 848 1882 testimonia
866 1819 1038 1899 singularia

85 1912 109 1974 in
119 1917 334 1983 miraculorum
345 1929 377 1984 et
387 1922 561 1985 sanctitatis
570 1922 768 2005 probatione.

115 2025 330 2114 Superquibus
338 2042 443 2097 tamen
455 2035 697 2117 probationibus
708 2036 791 2098 eirca
801 2035 954 2098 miracula
964 2052 1037 2097 cum

86 2141 256 2218 agentespro
268 2139 440 2201 venerabili
448 2139 619 2221 iosaphato
629 2157 693 2201 non
702 2140 840 2202 multum
849 2139 1036 2210 insisterent,

84 2237 266 2302 trmsirimus
286 2240 326 2304 ad
353 2242 568 2305 excussionem
594 2240 811 2323 prodigiorum
832 2249 862 2303 et
876 2242 1038 2323 signorum

84 2341 277 2413 quommdam
292 2343 540 2419 admirabilium,
558 2352 629 2425 post
643 2351 778 2406 mortem
790 2342 934 2425 praesulis
953 2359 1039 2403 secu-

84 2441 181 2517 torum,
196 2446 311 2526 quibus
321 2446 539 2509 videturlleus
552 2447 688 2510 voluisse
697 2445 905 2527 comprobare
922 2445 1037 2505 verita·

84 2552 134 2607 tem
142 2550 204 2631 eJ'ns
211 2555 362 2635 martyrii,
376 2562 534 2617 etvertere
543 2554 861 2637 opprobrinmejusin
870 2553 1035 2626 honorem,

82 2644 155 2723 iuxta
166 2665 272 2717 votum
285 2657 398 2739 psalm.
416 2659 473 2720 ll8
490 2678 496 2717 ε
513 2657 611 2738 Aufer
628 2677 646 2717 o
660 2656 908 2738 incommonitum
924 2664 954 2717 et
967 2675 1037 2716 cco-

83 2758 216 2836 tenptom,
229 2760 300 2840 quic
310 2761 460 2842 martyria
474 2770 525 2821 toa
538 2758 705 2842 exquisivi·
718 2759 762 2821 ita
772 2759 857 2820 enim
868 2758 938 2820 loco
950 2756 1037 2818 verbi

84 2858 231 2922 testimonia
243 2862 319 2941 legit
332 2863 368 2923 D.
384 2863 587 2942 Augustinus,
601 2871 632 2924 et
643 2862 676 2923 in
686 2862 909 2924 hunesensum
919 2858 1039 2941 aceepit

83 2954 187 3025 dietum
206 2966 368 3047 psalmum
388 2965 528 3028 Coacien.
551 2970 571 3028 9
577 2985 587 3040 3
609 2973 640 3026 et
661 2962 844 3045 hujusmodi
867 2962 954 3043 signa
969 2961 1039 3023 loco

82 3060 291 3129 miraculorum
312 3067 439 3130 luerunt
459 3068 635 3150 ponderata
651 3067 683 3128 in
700 3066 851 3129 llelatiooe
865 3070 903 3128 26
918 3073 1038 3146 marty-

81 3182 136 3227 rum
157 3171 379 3253 deponentium,
404 3181 465 3233 ort.
492 3175 522 3249 3,
551 3170 730 3251 similiaque
759 3167 903 3251 prodigia
932 3168 1038 3230 llomae

80 3270 229 3351 contigisse
241 3282 457 3356 postmortem
472 3272 631 3355 Apollonii
644 3271 807 3346 senatoris,
823 3270 967 3352 martyris
980 3269 1039 3331 snb

81 3366 239 3441 bmmodo
252 3378 452 3459 imperatore,
469 3375 636 3458 perpendit
656 3376 810 3439 Batonius
825 3374 857 3434 in
874 3375 983 3435 Annot.
1001 3371 1041 3433 od

81 3482 275 3563 turtyrolop,
293 3482 333 3544 ad
345 3480 431 3543 diem
440 3484 480 3543 28
492 3479 601 3562 aprilis
608 3500 618 3554 3
631 3478 796 3560 dequibus
807 3474 1040 3538 contendebant

80 3582 190 3654 patroni
202 3602 303 3645 causae
313 3582 538 3665 adesseplenas
548 3590 579 3644 et
591 3579 814 3643 concludentes
824 3577 1036 3660 probationes.

94 3686 210 3758 «Primo
231 3694 336 3768 enim,
357 3692 389 3754 in
407 3692 463 3753 die
482 3690 593 3756 mortis
613 3690 693 3752 servi
710 3688 764 3751 Dei
786 3686 957 3768 tosaphat,
973 3686 1040 3747 visa

80 3784 130 3851 fuit
142 3813 233 3878 super
246 3797 372 3859 civitate
384 3794 577 3858 Vitebscensi
594 3792 777 3876 impendere
791 3788 976 3853 densissima
992 3807 1041 3849 ne·

80 3886 144 3956 bula
165 3900 356 3979 sanguinea,
373 3916 445 3979 quae
464 3903 565 3958 totum
587 3894 767 3956 Vitebscum
788 3891 905 3966 cinxit,
930 3909 1041 3983 usqne-

79 3993 145 4057 dum
156 4017 270 4082 corpus
285 4019 324 4061 ex
342 4000 433 4081 aquis
446 3998 553 4072 fluvii,
567 3996 600 4057 in
615 3996 733 4077 quibus
745 3993 925 4056 demersum
939 3991 1041 4056 luerat

79 4101 164 4160 elaea
182 4100 419 4177 dies'latuerat,
443 4121 461 4163 a
480 4098 687 4163 schismaticis
707 4104 881 4161 extractum
905 4093 983 4168 fuit,
1006 4100 1041 4155 ut
