3259 5484
940 714 1141 787 -100-

557 894 621 967 pro
638 874 786 953 meritis,
806 875 882 944 sine
899 895 1044 943 recursu
1058 874 1101 941 ad
1115 873 1270 952 curiam,
1288 875 1442 965 plectere
1456 897 1529 943 ma·

553 988 665 1079 iestas
677 986 773 1079 rogia
787 985 942 1055 mandat.
960 986 1069 1077 lgitnr
1084 1006 1177 1053 anuo
1192 984 1361 1077 parientis
1376 986 1529 1077 Virginis

284 1119 409 1164 oum
428 1118 530 1192 noue.
557 1098 656 1179 1625,
672 1098 826 1189 januarii
843 1098 883 1165 l'i
907 1097 963 1166 die
978 1108 1014 1167 et
1029 1098 1278 1189 sequentibus,
1296 1120 1376 1167 cum
1392 1100 1527 1191 praelati

305 1182 511 1226 mm*
552 1210 692 1302 judices
719 1210 853 1279 crimen
878 1218 1015 1278 tanturn
1039 1232 1083 1279 ex
1106 1210 1315 1279 auctoritate
1340 1212 1436 1303 regia
1458 1213 1526 1281 sibi

555 1322 783 1391 commissum
819 1328 1091 1411 cognoscerent,
1130 1342 1150 1389 a
1184 1322 1280 1414 regio
1321 1322 1527 1414 instigatore

555 1432 650 1501 cives
669 1429 915 1501 Vilebscenses
943 1430 1203 1523 arguebantur,
1235 1432 1330 1523 quod
1360 1436 1529 1525 Josaphat

555 1544 688 1637 pastori
715 1565 779 1612 sno
798 1544 951 1614 triennio
978 1544 1181 1636 obsequuti,
1205 1545 1370 1615 turbante
1390 1547 1528 1616 lleletio

555 1656 770 1736 Smotriscio,
787 1656 1022 1735 schismatico,
1038 1656 1249 1750 obsequium
1266 1658 1344 1750 ejus
1357 1681 1529 1729 excusse-

556 1768 638 1849 rint,
656 1775 693 1838 et
713 1776 783 1837 tam
810 1768 847 1836 in
863 1774 1020 1836 sanctam
1037 1768 1216 1847 unionem,
1235 1791 1342 1860 quam
1364 1770 1401 1839 in
1421 1771 1528 1839 vitam

554 1882 733 1973 Josapbat,
746 1881 858 1949 multa
869 1886 1032 1973 proterve
1046 1880 1235 1948 machinati
1252 1880 1322 1949 sint
1332 1902 1372 1949 ac
1385 1882 1527 1951 demum

556 1992 736 2085 sacrilegis
754 2014 837 2062 enm
852 1992 1091 2061 truculentum
1107 1991 1143 2059 in
1159 1992 1302 2061 modum
1319 1994 1527 2062 trucidarint

557 2104 733 2172 manibus.
751 2107 832 2186 Quae
854 2102 972 2172 omnia
988 2102 1141 2171 ubertim
1156 2101 1200 2169 ab
1215 2102 1421 2195 instigatore
1441 2126 1529 2196 pro-

557 2215 655 2294 bata,
673 2214 808 2284 anobis
822 2214 971 2283 strictim
989 2234 1094 2305 supra
1112 2214 1148 2281 in
1160 2214 1312 2283 decursu
1328 2215 1447 2307 operis
1462 2236 1528 2285 ex·
1619 2226 1620 2261 r

557 2326 682 2417 posita.
699 2328 748 2395 ad
764 2348 842 2418 quae
862 2326 978 2418 palam
998 2326 1233 2396 consistentes
1246 2327 1341 2396 cives
1358 2351 1366 2394 ε
1389 2350 1528 2419 suscep

472 2474 478 2486 ·
556 2444 633 2506 tum
656 2460 676 2505 a
701 2460 739 2508 se
773 2444 950 2530 pastorem
972 2440 1164 2531 iosaphat,
1189 2439 1327 2531 legibus
1348 2440 1471 2532 patriae
1492 2447 1526 2509 et

556 2549 720 2618 Ecclesiae
735 2556 884 2619 certum.
902 2548 1038 2619 Vidisse
1049 2548 1126 2640 ejus
1140 2548 1325 2639 pietatem,
1340 2557 1525 2619 veneratos

557 2662 683 2741 zelum,
699 2660 887 2731 obsecutos
897 2659 987 2741 voci;
1001 2680 1081 2728 cum
1093 2658 1208 2728 nullas
1216 2658 1405 2729 Orientalis
1414 2661 1526 2729 Eccle-

557 2772 616 2841 siae
639 2772 850 2864 perfregerit
869 2772 984 2863 leges,
1003 2777 1039 2839 et
1057 2791 1179 2839 omnes
1200 2770 1398 2839 observarit
1417 2792 1524 2839 caere-

557 2883 714 2964 monias;
738 2881 903 2953 dilexerit
923 2881 1194 2973 antiquitatem,
1221 2881 1365 2950 statutis
1384 2890 1520 2973 patrum
1618 2936 1619 2943 ,

557 2994 858 3086 conciliorumque
873 2993 1165 3063 commendatam.
1182 2996 1223 3061 Et
1239 2999 1279 3061 ut
1298 2992 1376 3083 ejus
1390 3014 1470 3085 erga
1486 3012 1521 3059 se
1618 3006 1619 3029 ¹

557 3127 713 3175 amorem
728 3104 975 3197 agnovissent,
1000 3104 1049 3173 ita
1063 3103 1217 3173 vicissim
1238 3103 1283 3171 ab
1307 3104 1471 3173 omnibns
1490 3101 1520 3171 ei

558 3224 813 3291 monstratum,
843 3239 883 3286 ac
917 3215 1179 3286 venerationem
1212 3222 1353 3307 pastore
1386 3216 1519 3307 dignam

559 3329 763 3420 praestitam.
773 3329 881 3420 ldque
893 3326 1044 3396 triennio
1055 3326 1253 3408 duravisse;
1266 3326 1518 3396 donectaudem

558 3440 711 3532 pcccatis
735 3445 922 3531 parentum
946 3438 1111 3530 suisque,
1140 3442 1201 3507 Dei
1223 3460 1305 3507 vero
1328 3438 1514 3529 permissu,
1617 3524 1618 3531 ἵ

557 3574 622 3643 per
646 3551 823 3621 lleletium
851 3549 1114 3629 Smotriscium,
1138 3571 1179 3619 ac
1201 3548 1398 3619 submissos
1418 3549 1460 3617 ab
1480 3567 1517 3615 eo
1617 3532 1618 3541 ¹

557 3664 748 3732 monachos
772 3670 808 3732 et
828 3662 986 3741 litteras,
1009 3662 1140 3753 quibus
1157 3682 1194 3730 se
1222 3660 1515 3752 archiepiscopum

556 3773 779 3845 Polocensem
795 3794 930 3853 verum,
944 3773 1112 3864 losaphat
1133 3777 1329 3863 apostatam
1343 3771 1513 3843 vocitaret,

557 3886 673 3955 omnia
697 3885 867 3955 subversa
892 3883 1054 3953 luissent.
1083 3886 1259 3972 Exceptos
1280 3881 1466 3949 monachos
1498 3896 1515 3941 a

556 3997 663 4067 certis
685 3995 883 4075 nobilibuS,
905 3994 1122 4063 stimulatam
1139 3992 1298 4085 plebem,
1316 3990 1429 4068 cives,
1445 4007 1515 4054 ma·
1616 4082 1617 4085 Ἴ

556 4106 766 4205 gistratum:
782 4111 951 4202 Josaphat
960 4109 1163 4200 abigerent,
1180 4106 1358 4177 lleletium
1374 4104 1514 4193 suscipe
1616 4120 1617 4191 ᾗ
