3259 5484
981 680 1160 753 -9r-

582 841 732 912 intulit:
765 841 826 933 qui
861 839 1045 911 ecclesiam
1072 840 1188 909 albam
1216 841 1437 911 aedifieasset.
1470 847 1556 912 Cum

582 952 706 1033 dietis,
722 953 764 1022 ad
778 951 921 1021 solitum
938 950 1104 1043 loquendi
1119 958 1261 1044 tempus
1275 951 1455 1022 obmutuit
1468 977 1475 1035 ;
1493 976 1557 1022 nec

582 1062 776 1153 quidquam
798 1082 841 1131 ea
863 1062 940 1131 luce
965 1061 1112 1131 Polociae
1136 1062 1293 1132 detento
1313 1064 1465 1143 scelere,
1489 1064 1555 1131 nisi

583 1184 755 1267 sequente
768 1174 935 1245 innotuit.

627 1290 713 1355 Cum
729 1284 864 1377 pluries
876 1289 958 1353 ante
973 1283 1211 1375 quaesiturum
1227 1284 1329 1376 aquis
1343 1284 1467 1355 luisset
1481 1306 1554 1353 cdr-

583 1421 663 1491 pus,
676 1397 720 1467 16
734 1396 947 1477 novembris,
966 1418 1045 1489 quae
1061 1396 1154 1488 jovis
1169 1396 1284 1465 luerat
1298 1396 1385 1477 dies,
1402 1397 1446 1466 de
1460 1418 1556 1463 man-

583 1508 666 1577 dato
680 1507 872 1599 praesidum
888 1506 1001 1586 arcia,
1028 1506 1209 1598 proposita
1223 1513 1366 1575 centum
1381 1507 1557 1599 polonico·

583 1642 662 1689 rnm
675 1620 890 1689 florenorum
906 1640 1040 1689 merces
1056 1617 1302 1709 piscatoribus,
1321 1640 1448 1711 corpus
1465 1642 1557 1711 prm-

585 1736 672 1805 sulis
687 1735 920 1828 inquirerent.
938 1734 1049 1826 Igitur
1061 1736 1126 1803 bae
1142 1739 1177 1803 et
1193 1734 1355 1825 sequenti
1369 1734 1558 1826 quaesitum

313 1872 558 1927 immamu-
584 1848 664 1927 die,
691 1869 756 1916 nec
776 1852 922 1939 propter
941 1867 1113 1915 summam
1140 1846 1217 1938 ejus
1240 1844 1327 1925 loci,
1351 1846 1410 1937 qui
1428 1866 1560 1936 eorpus

338 1939 506 2040 llllll.⁰⁰'¹'⁰'
522 1936 557 1979 ³¹¹¹
585 1962 770 2039 hauserat,
797 1958 1076 2050 profunditatem
1095 1962 1288 2049 repertum.
1307 1956 1458 2025 Tandem
1481 1979 1561 2049 pro-

584 2075 736 2143 micante
755 2095 774 2143 e
792 2092 941 2163 corpure
962 2070 1115 2141 demersi
1140 2092 1204 2162 per
1230 2092 1341 2161 aquas
1363 2070 1460 2149 luce,
1489 2091 1562 2161 qua

587 2186 771 2280 proximus
797 2206 940 2277 quoque
972 2182 1225 2276 resplendebat
1248 2204 1324 2263 aer,
1354 2182 1450 2252 horis
1477 2190 1562 2251 ante

584 2297 768 2367 meridiem
783 2296 919 2388 aliquot
937 2296 1133 2365 inventum.
1156 2295 1254 2377 Quod
1275 2295 1336 2364 ubi
1361 2295 1396 2362 in
1417 2293 1563 2364 civitate

585 2409 866 2501 percrebuisset,
885 2408 1051 2477 effluxere
1068 2406 1178 2499 portis
1193 2406 1366 2486 universi,
1384 2406 1445 2499 qui
1471 2408 1564 2475 ade·
1623 2448 1624 2489 ,

585 2529 674 2602 rant,
693 2521 837 2591 sceleris
852 2542 995 2612 qunque
1010 2518 1098 2588 tanti
1113 2518 1244 2588 conscii
1259 2519 1455 2610 parricidae.
1473 2524 1565 2587 Prae-

584 2642 744 2705 eurrerat
759 2635 803 2703 ad
825 2633 958 2713 locum,
983 2638 1109 2725 quarta
1131 2638 1232 2724 parte
1248 2632 1357 2701 leueae
1380 2654 1399 2701 a
1418 2632 1565 2702 civitate

584 2745 795 2824 distantem,
819 2747 970 2812 loannes
994 2743 1176 2833 Chodyka,
1200 2743 1322 2811 consul
1339 2744 1562 2824 Palmensis,

584 2857 646 2950 qui
658 2856 799 2926 dnobus
812 2864 894 2925 ante
912 2854 1037 2925 diebus
1050 2854 1251 2925 Vitebseum
1271 2877 1336 2948 pro
1351 2856 1425 2926 suis
1440 2878 1565 2950 appu·
1622 2914 1623 2943 ,

585 2970 675 3038 lerat
702 2968 865 3058 negotiis.
893 2968 1123 3059 Advertitqne
1145 2974 1279 3038 stantes
1305 2970 1393 3037 duas
1420 2970 1455 3036 in
1487 2971 1565 3062 ripa

583 3080 747 3173 cymbas:
764 3080 928 3171 martyris
939 3086 1055 3149 autem
1077 3102 1204 3171 corpus
1228 3080 1264 3148 in
1285 3080 1428 3151 flumine
1444 3082 1565 3151 adbuc

421 3175 463 3205 ’ω’
586 3190 735 3282 pedibus
757 3190 869 3283 ripam
891 3212 1015 3260 versus
1039 3190 1172 3281 jacens.
1191 3191 1306 3272 Collo,
1334 3192 1418 3261 fune
1441 3213 1566 3262 crasso

584 3304 783 3395 alligatum,
808 3302 974 3395 saxisque
996 3302 1166 3371 refertum
1193 3302 1307 3373 inerat
1326 3303 1497 3373 cilicium.
1516 3308 1565 3375 Ad

584 3417 710 3507 pedem
726 3415 940 3507 quempiam,
955 3416 1044 3508 lapis
1060 3416 1201 3507 grandis
1215 3417 1299 3487 lune
1309 3418 1487 3509 persimili
1506 3444 1567 3491 re-

583 3528 733 3597 vinctus.
752 3532 787 3596 ln
802 3526 927 3619 cymba
942 3527 1008 3596 alia
1024 3527 1207 3619 depositus
1222 3536 1342 3620 tapes,
1362 3537 1397 3599 et
1411 3531 1565 3600 cervical

584 3638 694 3707 altera
722 3660 766 3707 ex
792 3645 893 3730 perte
921 3660 1039 3730 panno
1063 3638 1190 3718 viridi,
1223 3638 1334 3708 altera
1362 3640 1566 3711 holoserico

584 3752 684 3843 nigro
704 3752 829 3820 florido
845 3752 1050 3821 obductum.
1067 3752 1142 3821 ntia
1164 3753 1290 3844 cymba
1305 3754 1422 3823 stabat
1434 3778 1563 3825 vacua.
1620 3822 1621 3845 1

484 3944 488 3953 ¹
583 3864 1566 3958 Interim,VitebscencisterrituriinebiliS,Chrapevicki

584 3978 799 4068 supervenit,
816 3999 940 4068 magna
956 3976 1084 4045 civium
1096 3977 1378 4047 Vitebscensium
1390 3980 1567 4050 multitu-

582 4088 664 4157 dine
677 4087 877 4157 comitatus.
894 4092 973 4159 Mox
988 4093 1143 4179 tapetem
1166 4088 1462 4178 porrexitloanni
1480 4094 1568 4161 Che
