3259 5484
985 706 1164 781 ..98-

327 860 548 982 ”mnf
590 871 649 935 tus
662 863 876 957 etplanctus
888 862 1109 934 obruebant:
1127 868 1252 957 pectus
1267 863 1427 943 tundere,
1448 863 1551 933 levare

589 996 734 1055 manus,
752 974 922 1045 detestari
939 974 1122 1043 saevitiam.
1144 977 1212 1045 Neo
1231 975 1426 1067 quidquam
1442 973 1479 1041 in
1496 993 1551 1041 am-

589 1088 648 1181 pla
666 1088 808 1159 civitate
833 1086 1014 1167 auditum,
1044 1086 1112 1157 nisi
1129 1087 1266 1166 luctus,
1293 1086 1465 1165 lamenta,
1494 1084 1551 1175 eju-

589 1199 696 1271 latus.
713 1199 875 1270 Occisum
891 1208 1039 1293 patrem,
1054 1200 1256 1269 demersum
1268 1204 1462 1291 pastorem:
1475 1216 1551 1289 pec-

588 1317 707 1383 catum
731 1333 836 1382 suum
863 1311 940 1381 orbi
967 1312 1041 1382 lore
1061 1318 1198 1381 notum.
1223 1314 1407 1382 Averteret
1433 1312 1551 1381 coelum

590 1450 715 1523 peenas
732 1453 740 1499 ε
757 1428 955 1499 dimitteret
968 1429 1136 1522 losaphat
1152 1435 1285 1498 tantam
1303 1428 1549 1499 crudelitatem.

589 1542 751 1611 llaerctioi
766 1541 912 1635 insuper
929 1548 965 1611 et
975 1542 1098 1634 judaei,
1111 1542 1243 1612 insonti
1257 1542 1400 1635 praesuli
1413 1540 1551 1634 copiosis

589 1662 819 1746 parentavere
832 1653 1014 1745 lacrymis,
1042 1660 1150 1747 atque
1169 1655 1362 1747 parricidas
1381 1653 1549 1732 execrati,

590 1764 781 1834 vindictam
793 1766 837 1835 de
852 1766 941 1835 coelo
959 1765 1176 1858 flagitabant.
1189 1766 1346 1837 Minister
1358 1765 1551 1835 calviniana

590 1881 715 1954 sectae,
731 1898 813 1946 cum
829 1876 902 1946 suis
919 1879 961 1945 ad
983 1876 1117 1947 flumen
1132 1879 1329 1958 deducens,
1357 1899 1488 1970 corpus
1502 1897 1552 1943 sa-

591 2010 690 2057 crum
701 1988 867 2059 flebiliter
877 1988 1149 2071 lamentabatur,
1162 1990 1372 2083 dicebatque
1385 2014 1391 2058 :
1405 1989 1551 2059 infelices

591 2100 815 2169 innocentem
831 2099 1036 2170 occiderunt
1055 2101 1169 2171 virum
1185 2107 1193 2170 l
1211 2101 1267 2171 Sic
1283 2102 1491 2195 plangentes
1504 2098 1551 2168 alii

593 2208 835 2291 deduxerunt,
857 2209 917 2278 alii
943 2210 1189 2302 imposuerunt
1213 2212 1386 2281 Polociam
1406 2213 1552 2282 obverse

592 2324 731 2415 scaphae
752 2346 899 2416 corpus,
917 2325 1085 2417 pastoria,
1111 2325 1383 2418 archiepiscopi,
1401 2324 1552 2417 martyris

482 2464 488 2475 ·
591 2435 824 2526 amplitudine
839 2437 1092 2507 venerandum.
1115 2442 1205 2508 Dum
1228 2439 1406 2509 ferrentur
1430 2438 1552 2509 exuvie

591 2548 635 2616 ad
654 2547 771 2616 navim
787 2548 987 2640 praesuleae‚
1006 2571 1113 2641 supra
1131 2551 1289 2620 tumbam
1306 2552 1398 2621 calix
1412 2560 1550 2631 erectus,

591 2664 676 2735 licet
689 2664 829 2735 fortiter
841 2665 924 2736 hinc
938 2666 1019 2736 inde
1033 2667 1101 2736 filis
1116 2668 1325 2749 adstrictus,
1344 2691 1389 2739 ex
1403 2670 1552 2763 opposito

591 2776 795 2846 calviniana
818 2798 1021 2869 synagogae,
1037 2777 1182 2870 inopino
1198 2779 1297 2849 labro
1312 2780 1471 2849 tumbam
1489 2801 1553 2847 ver·

592 2918 653 2965 sus
670 2894 843 2965 constitit.
867 2897 962 2978 Quod
984 2896 1107 2965 inultis
1122 2896 1346 2966 admirationi
1359 2898 1447 2967 luit:
1464 2896 1552 2989 quasi

592 3028 635 3076 eo
651 3006 728 3099 ipso
748 3028 911 3075 eversum
927 3006 999 3075 illic
1018 3006 1243 3077 incruentum
1262 3008 1483 3100 probavisset
1501 3030 1554 3077 sa-

592 3117 776 3187 crificium.
800 3121 948 3209 Jamque
961 3139 1105 3188 ascensa
1119 3120 1248 3211 scapha
1259 3120 1435 3189 Polociam
1449 3120 1554 3189 tende·

328 3253 416 3295 arama
432 3251 557 3295 aaaron
593 3226 710 3295 batur.
723 3230 766 3296 Et
777 3227 910 3297 flumen
925 3228 995 3297 acri
1009 3228 1138 3319 frigore
1153 3250 1416 3320 compressum,
1435 3232 1554 3322 largam

355 3318 531 3357 ΝΜ·
594 3344 693 3430 tergo
714 3337 906 3407 revehebat
921 3345 1087 3408 crustam.
1104 3339 1207 3408 Proin
1229 3339 1400 3410 miraculo
1423 3341 1553 3417 datum,

593 3472 664 3519 non
688 3450 789 3543 prius
809 3449 941 3519 flumen
969 3450 1204 3532 concrevisse,
1227 3474 1335 3543 quam
1366 3452 1506 3522 Polociae
1526 3450 1555 3517 in

592 3562 670 3654 ripa
692 3561 791 3630 navis
818 3584 897 3631 oum
922 3561 1069 3653 lipsanis
1092 3562 1258 3653 martyris
1279 3564 1505 3632 constitisset.
1521 3564 1556 3629 Et

592 3674 663 3744 vim
680 3674 814 3743 illatam
828 3674 895 3743 sibi
908 3680 1035 3743 natura
1051 3674 1191 3767 frigoris
1204 3696 1354 3766 pensare
1366 3675 1553 3750 videbatur,

592 3806 673 3854 cum
688 3805 829 3877 semper
841 3791 923 3855 ante
939 3785 1043 3854 citius
1056 3785 1173 3866 illam,
1190 3806 1296 3877 quam
1318 3786 1385 3855 hoc
1410 3793 1556 3876 tempore

591 3895 628 3963 in
646 3894 864 3988 stringendis
882 3896 982 3986 aquis
997 3896 1225 3965 exercuisset.
1240 3900 1278 3965 ln
1299 3896 1426 3965 itinere
1441 3894 1558 3965 efflue-

592 4009 679 4077 bant
691 4007 783 4076 aulis
798 4006 872 4077 suis
885 4008 951 4077 viri
974 4008 1160 4089 senatorii,
1182 4008 1424 4079 desiderantes
1441 4008 1557 4076 laciem

592 4118 759 4212 martyris
780 4117 900 4188 videre
925 4142 933 4186 :
962 4125 998 4188 et
1012 4140 1116 4189 namo
1136 4118 1237 4188 siccis
1258 4118 1410 4189 intuitus
1432 4117 1555 4194 oculis,
