<?xml version="1.0" encoding="UTF-8"?>
<!DOCTYPE html PUBLIC "-//W3C//DTD XHTML 1.0 Transitional//EN"
    "http://www.w3.org/TR/xhtml1/DTD/xhtml1-transitional.dtd">
<html xmlns="http://www.w3.org/1999/xhtml" xml:lang="en" lang="en">
 <head>
  <title>
</title>
<meta http-equiv="Content-Type" content="text/html;charset=utf-8" />
  <meta name='ocr-system' content='tesseract 3.04.00' />
  <meta name='ocr-capabilities' content='ocr_page ocr_carea ocr_par ocr_line ocrx_word'/>
</head>
<body>
  <div class='ocr_page' id='page_1' title='image "./cursusvitetcert00martgoog_0097.png"; bbox 0 0 3259 5484; ppageno 0'>
   <div class='ocr_carea' id='block_1_1' title="bbox 436 710 615 779">
    <p class='ocr_par' dir='ltr' id='par_1_1' title="bbox 436 710 615 779">
     <span class='ocr_line' id='line_1_1' title="bbox 436 710 615 779; baseline 0 -15"><span class='ocrx_word' id='word_1_1' title='bbox 436 710 615 779; x_wconf 76' lang='lat'>..73-</span> 
     </span>
    </p>
   </div>
   <div class='ocr_carea' id='block_1_2' title="bbox 46 869 1289 4216">
    <p class='ocr_par' dir='ltr' id='par_1_2' title="bbox 60 869 1014 1186">
     <span class='ocr_line' id='line_1_2' title="bbox 63 869 1014 964; baseline -0.002 -25"><span class='ocrx_word' id='word_1_2' title='bbox 63 870 261 941; x_wconf 83' lang='lat' dir='ltr'>unititortior</span> <span class='ocrx_word' id='word_1_3' title='bbox 270 871 447 964; x_wconf 70' lang='lat' dir='ltr'>prasidio,</span> <span class='ocrx_word' id='word_1_4' title='bbox 458 893 597 940; x_wconf 74' lang='lat' dir='ltr'>vesanae</span> <span class='ocrx_word' id='word_1_5' title='bbox 610 869 904 963; x_wconf 86' lang='lat' dir='ltr'>piebisexcitatas</span> <span class='ocrx_word' id='word_1_6' title='bbox 913 876 1014 939; x_wconf 85' lang='lat' dir='ltr'>extra</span> 
     </span>
     <span class='ocr_line' id='line_1_3' title="bbox 61 980 1014 1073; baseline -0.001 -26"><span class='ocrx_word' id='word_1_7' title='bbox 61 980 1014 1073; x_wconf 80' lang='lat' dir='ltr'>mmniasynagogasdemolitur,submissospseud0pres·</span> 
     </span>
     <span class='ocr_line' id='line_1_4' title="bbox 60 1093 1013 1186; baseline 0.002 -26"><span class='ocrx_word' id='word_1_8' title='bbox 60 1094 329 1184; x_wconf 80' lang='lat' dir='ltr'>byterosPolooia</span> <span class='ocrx_word' id='word_1_9' title='bbox 343 1093 466 1185; x_wconf 84' lang='lat' dir='ltr'>abigit3</span> <span class='ocrx_word' id='word_1_10' title='bbox 484 1095 576 1164; x_wconf 87' lang='lat' dir='ltr'>unde</span> <span class='ocrx_word' id='word_1_11' title='bbox 592 1116 662 1186; x_wconf 82' lang='lat' dir='ltr'>pax</span> <span class='ocrx_word' id='word_1_12' title='bbox 672 1093 794 1163; x_wconf 90' lang='lat' dir='ltr'>unioni</span> <span class='ocrx_word' id='word_1_13' title='bbox 804 1093 927 1185; x_wconf 85' lang='lat' dir='ltr'>major.</span> <span class='ocrx_word' id='word_1_14' title='bbox 946 1093 1013 1162; x_wconf 89' lang='lat' dir='ltr'>Sed</span> 
     </span>
    </p>

    <p class='ocr_par' dir='ltr' id='par_1_3' title="bbox 58 1204 1015 1525">
     <span class='ocr_line' id='line_1_5' title="bbox 58 1204 1015 1297; baseline 0.004 -27"><span class='ocrx_word' id='word_1_15' title='bbox 58 1204 87 1271; x_wconf 93' lang='lat' dir='ltr'>in</span> <span class='ocrx_word' id='word_1_16' title='bbox 99 1205 169 1273; x_wconf 88' lang='lat' dir='ltr'>aliis</span> <span class='ocrx_word' id='word_1_17' title='bbox 182 1206 415 1276; x_wconf 86' lang='lat' dir='ltr'>civitatibusa</span> <span class='ocrx_word' id='word_1_18' title='bbox 427 1205 632 1276; x_wconf 85' lang='lat' dir='ltr'>Smotriscio</span> <span class='ocrx_word' id='word_1_19' title='bbox 644 1205 813 1297; x_wconf 87' lang='lat' dir='ltr'>injectum</span> <span class='ocrx_word' id='word_1_20' title='bbox 829 1205 1015 1297; x_wconf 83' lang='lat' dir='ltr'>praevaluit</span> 
     </span>
     <span class='ocr_line' id='line_1_6' title="bbox 59 1318 1013 1412; baseline 0.003 -28"><span class='ocrx_word' id='word_1_21' title='bbox 59 1318 254 1389; x_wconf 80' lang='lat' dir='ltr'>incendium.</span> <span class='ocrx_word' id='word_1_22' title='bbox 282 1324 326 1389; x_wconf 84' lang='lat' dir='ltr'>Et</span> <span class='ocrx_word' id='word_1_23' title='bbox 347 1326 424 1390; x_wconf 91' lang='lat' dir='ltr'>esto</span> <span class='ocrx_word' id='word_1_24' title='bbox 455 1320 627 1412; x_wconf 93' lang='lat' dir='ltr'>populum</span> <span class='ocrx_word' id='word_1_25' title='bbox 652 1319 897 1389; x_wconf 84' lang='lat' dir='ltr'>refractarium</span> <span class='ocrx_word' id='word_1_26' title='bbox 934 1341 1013 1388; x_wconf 88' lang='lat' dir='ltr'>oum</span> 
     </span>
     <span class='ocr_line' id='line_1_7' title="bbox 58 1430 1015 1525; baseline 0.002 -26"><span class='ocrx_word' id='word_1_27' title='bbox 58 1430 258 1525; x_wconf 77' lang='lat' dir='ltr'>benignitate</span> <span class='ocrx_word' id='word_1_28' title='bbox 275 1455 345 1502; x_wconf 92' lang='lat' dir='ltr'>non</span> <span class='ocrx_word' id='word_1_29' title='bbox 361 1439 492 1525; x_wconf 90' lang='lat' dir='ltr'>posset,</span> <span class='ocrx_word' id='word_1_30' title='bbox 523 1432 649 1503; x_wconf 88' lang='lat' dir='ltr'>edictis</span> <span class='ocrx_word' id='word_1_31' title='bbox 667 1431 784 1524; x_wconf 83' lang='lat' dir='ltr'>regiis,</span> <span class='ocrx_word' id='word_1_32' title='bbox 799 1430 1015 1523; x_wconf 89' lang='lat' dir='ltr'>judiciisque</span> 
     </span>
    </p>

    <p class='ocr_par' dir='ltr' id='par_1_4' title="bbox 57 1542 1016 1637">
     <span class='ocr_line' id='line_1_8' title="bbox 57 1542 1016 1637; baseline 0.002 -29"><span class='ocrx_word' id='word_1_33' title='bbox 57 1544 148 1613; x_wconf 89' lang='lat' dir='ltr'>variis</span> <span class='ocrx_word' id='word_1_34' title='bbox 168 1546 209 1613; x_wconf 88' lang='lat' dir='ltr'>ad</span> <span class='ocrx_word' id='word_1_35' title='bbox 236 1544 450 1637; x_wconf 84' lang='lat' dir='ltr'>obsequium</span> <span class='ocrx_word' id='word_1_36' title='bbox 473 1544 671 1635; x_wconf 81' lang='lat' dir='ltr'>redigeret3</span> <span class='ocrx_word' id='word_1_37' title='bbox 698 1546 763 1612; x_wconf 89' lang='lat' dir='ltr'>hac</span> <span class='ocrx_word' id='word_1_38' title='bbox 785 1542 1016 1612; x_wconf 88' lang='lat' dir='ltr'>nihilomiuus</span> 
     </span>
    </p>

    <p class='ocr_par' dir='ltr' id='par_1_5' title="bbox 55 1653 1287 1974">
     <span class='ocr_line' id='line_1_9' title="bbox 57 1653 1287 1749; baseline -0.006 -28"><span class='ocrx_word' id='word_1_39' title='bbox 57 1656 177 1725; x_wconf 89' lang='lat' dir='ltr'>medela</span> <span class='ocrx_word' id='word_1_40' title='bbox 202 1656 327 1749; x_wconf 78' lang='lat' dir='ltr'>paucis</span> <span class='ocrx_word' id='word_1_41' title='bbox 351 1655 496 1748; x_wconf 78' lang='lat' dir='ltr'>profuit.</span> <span class='ocrx_word' id='word_1_42' title='bbox 535 1653 715 1724; x_wconf 89' lang='lat' dir='ltr'>Rebellem</span> <span class='ocrx_word' id='word_1_43' title='bbox 734 1653 855 1745; x_wconf 90' lang='lat' dir='ltr'>itaque</span> <span class='ocrx_word' id='word_1_44' title='bbox 880 1653 1015 1723; x_wconf 90' lang='lat' dir='ltr'>clerum</span> <span class='ocrx_word' id='word_1_45' title='bbox 1043 1674 1133 1719; x_wconf 67' lang='lat' dir='ltr'>umam</span> <span class='ocrx_word' id='word_1_46' title='bbox 1149 1672 1207 1716; x_wconf 63' lang='lat' dir='ltr'>une</span> <span class='ocrx_word' id='word_1_47' title='bbox 1223 1684 1287 1715; x_wconf 65' lang='lat' dir='ltr'>aa·</span> 
     </span>
     <span class='ocr_line' id='line_1_10' title="bbox 55 1740 1186 1860; baseline 0 -23"><span class='ocrx_word' id='word_1_48' title='bbox 55 1769 157 1858; x_wconf 89' lang='lat' dir='ltr'>poenis</span> <span class='ocrx_word' id='word_1_49' title='bbox 179 1768 377 1849; x_wconf 76' lang='lat' dir='ltr'><strong>coercebat,</strong></span> <span class='ocrx_word' id='word_1_50' title='bbox 395 1768 458 1838; x_wconf 89' lang='lat' dir='ltr'>sed</span> <span class='ocrx_word' id='word_1_51' title='bbox 481 1767 683 1838; x_wconf 89' lang='lat' dir='ltr'>mitioribus</span> <span class='ocrx_word' id='word_1_52' title='bbox 710 1791 818 1860; x_wconf 92' lang='lat' dir='ltr'>quam</span> <span class='ocrx_word' id='word_1_53' title='bbox 838 1790 1013 1839; x_wconf 87' lang='lat' dir='ltr'>meruere.</span> <span class='ocrx_word' id='word_1_54' title='bbox 1144 1740 1186 1779; x_wconf 52' lang='grc' dir='ltr'>ω’</span> 
     </span>
     <span class='ocr_line' id='line_1_11' title="bbox 56 1880 1017 1974; baseline 0.001 -26"><span class='ocrx_word' id='word_1_55' title='bbox 56 1881 186 1961; x_wconf 78' lang='lat' dir='ltr'>Quidam</span> <span class='ocrx_word' id='word_1_56' title='bbox 199 1903 325 1973; x_wconf 90' lang='lat' dir='ltr'>parum</span> <span class='ocrx_word' id='word_1_57' title='bbox 342 1881 537 1974; x_wconf 83' lang='lat' dir='ltr'>profuturis</span> <span class='ocrx_word' id='word_1_58' title='bbox 560 1880 673 1972; x_wconf 80' lang='lat' dir='ltr'>pressi</span> <span class='ocrx_word' id='word_1_59' title='bbox 690 1880 903 1958; x_wconf 84' lang='lat' dir='ltr'>carceribus,</span> <span class='ocrx_word' id='word_1_60' title='bbox 922 1880 1017 1949; x_wconf 81' lang='lat' dir='ltr'>dioe-</span> 
     </span>
    </p>

    <p class='ocr_par' dir='ltr' id='par_1_6' title="bbox 53 1990 1017 2312">
     <span class='ocr_line' id='line_1_12' title="bbox 55 1990 1013 2084; baseline -0.002 -24"><span class='ocrx_word' id='word_1_61' title='bbox 55 1994 115 2062; x_wconf 88' lang='lat' dir='ltr'>cesi</span> <span class='ocrx_word' id='word_1_62' title='bbox 133 1994 302 2062; x_wconf 82' lang='lat' dir='ltr'>excedere</span> <span class='ocrx_word' id='word_1_63' title='bbox 324 1992 428 2084; x_wconf 90' lang='lat' dir='ltr'>jussi.</span> <span class='ocrx_word' id='word_1_64' title='bbox 450 1992 605 2084; x_wconf 82' lang='lat' dir='ltr'>Quisque</span> <span class='ocrx_word' id='word_1_65' title='bbox 627 2012 646 2059; x_wconf 91' lang='lat' dir='ltr'>e</span> <span class='ocrx_word' id='word_1_66' title='bbox 666 1990 764 2059; x_wconf 85' lang='lat' dir='ltr'>iaicis</span> <span class='ocrx_word' id='word_1_67' title='bbox 788 1990 1013 2082; x_wconf 77' lang='lat' dir='ltr'>pervicaciae,</span> 
     </span>
     <span class='ocr_line' id='line_1_13' title="bbox 55 2103 1017 2195; baseline -0.001 -23"><span class='ocrx_word' id='word_1_68' title='bbox 55 2105 206 2175; x_wconf 89' lang='lat' dir='ltr'>ecclesias</span> <span class='ocrx_word' id='word_1_69' title='bbox 226 2112 367 2175; x_wconf 81' lang='lat' dir='ltr'>veteres</span> <span class='ocrx_word' id='word_1_70' title='bbox 382 2104 557 2184; x_wconf 84' lang='lat' dir='ltr'>deseruit,</span> <span class='ocrx_word' id='word_1_71' title='bbox 586 2110 622 2173; x_wconf 96' lang='lat' dir='ltr'>et</span> <span class='ocrx_word' id='word_1_72' title='bbox 638 2104 674 2170; x_wconf 91' lang='lat' dir='ltr'>in</span> <span class='ocrx_word' id='word_1_73' title='bbox 688 2104 874 2195; x_wconf 81' lang='lat' dir='ltr'>synagogis</span> <span class='ocrx_word' id='word_1_74' title='bbox 889 2103 1017 2173; x_wconf 89' lang='lat' dir='ltr'>erectis</span> 
     </span>
     <span class='ocr_line' id='line_1_14' title="bbox 53 2218 959 2312; baseline 0 -27"><span class='ocrx_word' id='word_1_75' title='bbox 53 2218 278 2312; x_wconf 82' lang='lat' dir='ltr'>domibusque</span> <span class='ocrx_word' id='word_1_76' title='bbox 298 2218 442 2289; x_wconf 90' lang='lat' dir='ltr'>minime</span> <span class='ocrx_word' id='word_1_77' title='bbox 459 2219 586 2289; x_wconf 87' lang='lat' dir='ltr'>devota</span> <span class='ocrx_word' id='word_1_78' title='bbox 601 2223 672 2287; x_wconf 88' lang='lat' dir='ltr'>Deo</span> <span class='ocrx_word' id='word_1_79' title='bbox 690 2218 849 2288; x_wconf 85' lang='lat' dir='ltr'>exercuit</span> <span class='ocrx_word' id='word_1_80' title='bbox 866 2227 959 2286; x_wconf 86' lang='lat' dir='ltr'>vota.</span> 
     </span>
    </p>

    <p class='ocr_par' dir='ltr' id='par_1_7' title="bbox 46 2332 1289 4216">
     <span class='ocr_line' id='line_1_15' title="bbox 90 2332 1289 2425; baseline 0.003 -26"><span class='ocrx_word' id='word_1_81' title='bbox 90 2335 129 2399; x_wconf 85' lang='lat' dir='ltr'>Et</span> <span class='ocrx_word' id='word_1_82' title='bbox 141 2332 297 2403; x_wconf 83' lang='lat' dir='ltr'>Vitebsoi</span> <span class='ocrx_word' id='word_1_83' title='bbox 311 2354 371 2401; x_wconf 90' lang='lat' dir='ltr'>eas</span> <span class='ocrx_word' id='word_1_84' title='bbox 386 2332 591 2403; x_wconf 87' lang='lat' dir='ltr'>adiametro</span> <span class='ocrx_word' id='word_1_85' title='bbox 607 2334 696 2402; x_wconf 87' lang='lat' dir='ltr'>aulae</span> <span class='ocrx_word' id='word_1_86' title='bbox 712 2333 908 2425; x_wconf 82' lang='lat' dir='ltr'>praesuieae,</span> <span class='ocrx_word' id='word_1_87' title='bbox 922 2339 1018 2401; x_wconf 87' lang='lat' dir='ltr'>trans</span> <span class='ocrx_word' id='word_1_88' title='bbox 1045 2372 1193 2418; x_wconf 56' lang='lat' dir='ltr'>mmm..</span> <span class='ocrx_word' id='word_1_89' title='bbox 1212 2376 1289 2415; x_wconf 71' lang='lat' dir='ltr'>uncu-</span> 
     </span>
     <span class='ocr_line' id='line_1_16' title="bbox 52 2434 1221 2537; baseline 0.003 -27"><span class='ocrx_word' id='word_1_90' title='bbox 52 2446 187 2524; x_wconf 85' lang='lat' dir='ltr'>Dunam,</span> <span class='ocrx_word' id='word_1_91' title='bbox 205 2450 386 2524; x_wconf 82' lang='lat' dir='ltr'>statuere,</span> <span class='ocrx_word' id='word_1_92' title='bbox 405 2444 608 2536; x_wconf 86' lang='lat' dir='ltr'>saepiusque</span> <span class='ocrx_word' id='word_1_93' title='bbox 631 2444 680 2512; x_wconf 93' lang='lat' dir='ltr'>ibi</span> <span class='ocrx_word' id='word_1_94' title='bbox 704 2450 892 2537; x_wconf 83' lang='lat' dir='ltr'>praesente,</span> <span class='ocrx_word' id='word_1_95' title='bbox 911 2466 1017 2536; x_wconf 85' lang='lat' dir='ltr'>quam</span> <span class='ocrx_word' id='word_1_96' title='bbox 1071 2434 1221 2479; x_wconf 54' lang='lat' dir='ltr'>mmm·</span> 
     </span>
     <span class='ocr_line' id='line_1_17' title="bbox 52 2554 1018 2647; baseline 0.004 -27"><span class='ocrx_word' id='word_1_97' title='bbox 52 2554 185 2624; x_wconf 83' lang='lat' dir='ltr'>absente</span> <span class='ocrx_word' id='word_1_98' title='bbox 211 2555 367 2647; x_wconf 78' lang='lat' dir='ltr'>praesule</span> <span class='ocrx_word' id='word_1_99' title='bbox 390 2554 629 2635; x_wconf 89' lang='lat' dir='ltr'>celebratum,</span> <span class='ocrx_word' id='word_1_100' title='bbox 648 2563 689 2626; x_wconf 91' lang='lat' dir='ltr'>ut</span> <span class='ocrx_word' id='word_1_101' title='bbox 714 2556 912 2627; x_wconf 86' lang='lat' dir='ltr'>contumaci</span> <span class='ocrx_word' id='word_1_102' title='bbox 936 2579 1018 2627; x_wconf 92' lang='lat' dir='ltr'>eum</span> 
     </span>
     <span class='ocr_line' id='line_1_18' title="bbox 52 2666 1020 2762; baseline 0.007 -31"><span class='ocrx_word' id='word_1_103' title='bbox 52 2666 238 2762; x_wconf 80' lang='lat' dir='ltr'>affligerent</span> <span class='ocrx_word' id='word_1_104' title='bbox 251 2667 452 2737; x_wconf 86' lang='lat' dir='ltr'>devotione.</span> <span class='ocrx_word' id='word_1_105' title='bbox 473 2669 518 2738; x_wconf 80' lang='lat' dir='ltr'>At</span> <span class='ocrx_word' id='word_1_106' title='bbox 536 2668 633 2737; x_wconf 85' lang='lat' dir='ltr'>mitis</span> <span class='ocrx_word' id='word_1_107' title='bbox 651 2671 830 2761; x_wconf 88' lang='lat' dir='ltr'>Josaphat,</span> <span class='ocrx_word' id='word_1_108' title='bbox 856 2691 900 2739; x_wconf 88' lang='lat' dir='ltr'>ex</span> <span class='ocrx_word' id='word_1_109' title='bbox 915 2669 1020 2739; x_wconf 83' lang='lat' dir='ltr'>sene-</span> 
     </span>
     <span class='ocr_line' id='line_1_19' title="bbox 51 2777 1016 2861; baseline 0.004 -16"><span class='ocrx_word' id='word_1_110' title='bbox 51 2777 224 2860; x_wconf 81' lang='lat' dir='ltr'>suissuis,</span> <span class='ocrx_word' id='word_1_111' title='bbox 243 2801 314 2848; x_wconf 92' lang='lat' dir='ltr'>non</span> <span class='ocrx_word' id='word_1_112' title='bbox 330 2783 401 2848; x_wconf 89' lang='lat' dir='ltr'>Deo</span> <span class='ocrx_word' id='word_1_113' title='bbox 421 2786 609 2860; x_wconf 84' lang='lat' dir='ltr'>canentes,</span> <span class='ocrx_word' id='word_1_114' title='bbox 628 2781 689 2850; x_wconf 91' lang='lat' dir='ltr'>sed</span> <span class='ocrx_word' id='word_1_115' title='bbox 706 2780 771 2849; x_wconf 89' lang='lat' dir='ltr'>sibi</span> <span class='ocrx_word' id='word_1_116' title='bbox 788 2781 1016 2861; x_wconf 64' lang='lat' dir='ltr'>insultantes</span> 
     </span>
     <span class='ocr_line' id='line_1_20' title="bbox 51 2888 1016 2982; baseline 0.006 -29"><span class='ocrx_word' id='word_1_117' title='bbox 51 2888 202 2969; x_wconf 87' lang='lat' dir='ltr'>audiens,</span> <span class='ocrx_word' id='word_1_118' title='bbox 217 2888 459 2980; x_wconf 88' lang='lat' dir='ltr'>pastoralibus</span> <span class='ocrx_word' id='word_1_119' title='bbox 469 2911 587 2958; x_wconf 89' lang='lat' dir='ltr'>coram</span> <span class='ocrx_word' id='word_1_120' title='bbox 598 2894 669 2959; x_wconf 89' lang='lat' dir='ltr'>Deo</span> <span class='ocrx_word' id='word_1_121' title='bbox 679 2890 832 2960; x_wconf 89' lang='lat' dir='ltr'>deflebat</span> <span class='ocrx_word' id='word_1_122' title='bbox 842 2891 1016 2982; x_wconf 72' lang='lat' dir='ltr'>lacrymis</span> 
     </span>
     <span class='ocr_line' id='line_1_21' title="bbox 49 2999 1118 3093; baseline 0.007 -29"><span class='ocrx_word' id='word_1_123' title='bbox 49 3000 234 3093; x_wconf 88' lang='lat' dir='ltr'>orabatque</span> <span class='ocrx_word' id='word_1_124' title='bbox 252 3022 297 3069; x_wconf 89' lang='lat' dir='ltr'>ne</span> <span class='ocrx_word' id='word_1_125' title='bbox 313 3001 380 3069; x_wconf 93' lang='lat' dir='ltr'>hoc</span> <span class='ocrx_word' id='word_1_126' title='bbox 391 2999 511 3068; x_wconf 80' lang='lat' dir='ltr'>iliis&#39;in</span> <span class='ocrx_word' id='word_1_127' title='bbox 526 3008 708 3092; x_wconf 87' lang='lat' dir='ltr'>peccatum</span> <span class='ocrx_word' id='word_1_128' title='bbox 722 3008 907 3071; x_wconf 86' lang='lat' dir='ltr'>statueret.</span> <span class='ocrx_word' id='word_1_129' title='bbox 925 3006 1021 3071; x_wconf 90' lang='lat' dir='ltr'>Hanc</span> <span class='ocrx_word' id='word_1_130' title='bbox 1116 3008 1118 3015; x_wconf 89' lang='lat'>&#39;</span> 
     </span>
     <span class='ocr_line' id='line_1_22' title="bbox 49 3108 1021 3203; baseline 0.006 -28"><span class='ocrx_word' id='word_1_131' title='bbox 49 3108 254 3202; x_wconf 92' lang='lat' dir='ltr'>impunitam</span> <span class='ocrx_word' id='word_1_132' title='bbox 277 3111 390 3203; x_wconf 84' lang='lat' dir='ltr'>magis</span> <span class='ocrx_word' id='word_1_133' title='bbox 412 3132 544 3180; x_wconf 85' lang='lat' dir='ltr'>auxere</span> <span class='ocrx_word' id='word_1_134' title='bbox 566 3113 834 3182; x_wconf 90' lang='lat' dir='ltr'>contumaciam.</span> <span class='ocrx_word' id='word_1_135' title='bbox 858 3117 895 3182; x_wconf 91' lang='lat' dir='ltr'>ln</span> <span class='ocrx_word' id='word_1_136' title='bbox 924 3114 1021 3182; x_wconf 90' lang='lat' dir='ltr'>curia</span> 
     </span>
     <span class='ocr_line' id='line_1_23' title="bbox 49 3221 1022 3313; baseline 0.004 -26"><span class='ocrx_word' id='word_1_137' title='bbox 49 3221 174 3313; x_wconf 89' lang='lat' dir='ltr'>quippe</span> <span class='ocrx_word' id='word_1_138' title='bbox 201 3221 437 3302; x_wconf 81' lang='lat' dir='ltr'>Vitebseensi,</span> <span class='ocrx_word' id='word_1_139' title='bbox 469 3228 645 3313; x_wconf 74' lang='lat' dir='ltr'>praesente</span> <span class='ocrx_word' id='word_1_140' title='bbox 669 3223 861 3293; x_wconf 88' lang='lat' dir='ltr'>castellano</span> <span class='ocrx_word' id='word_1_141' title='bbox 881 3223 1022 3292; x_wconf 83' lang='lat' dir='ltr'>Zavisza</span> 
     </span>
     <span class='ocr_line' id='line_1_24' title="bbox 47 3331 1276 3425; baseline 0.003 -28"><span class='ocrx_word' id='word_1_142' title='bbox 47 3331 202 3424; x_wconf 85' lang='lat' dir='ltr'>aliisque,</span> <span class='ocrx_word' id='word_1_143' title='bbox 222 3353 434 3423; x_wconf 89' lang='lat' dir='ltr'>comparens</span> <span class='ocrx_word' id='word_1_144' title='bbox 448 3334 628 3425; x_wconf 74' lang='lat' dir='ltr'>iosaphat,</span> <span class='ocrx_word' id='word_1_145' title='bbox 646 3334 844 3425; x_wconf 87' lang='lat' dir='ltr'>persimiles</span> <span class='ocrx_word' id='word_1_146' title='bbox 860 3333 1023 3403; x_wconf 88' lang='lat' dir='ltr'>Polooen-</span> <span class='ocrx_word' id='word_1_147' title='bbox 1075 3366 1276 3413; x_wconf 64' lang='lat' dir='ltr'>numennumen.</span> 
     </span>
     <span class='ocr_line' id='line_1_25' title="bbox 48 3442 1023 3535; baseline 0.006 -28"><span class='ocrx_word' id='word_1_148' title='bbox 48 3442 139 3510; x_wconf 92' lang='lat' dir='ltr'>sibus</span> <span class='ocrx_word' id='word_1_149' title='bbox 164 3444 276 3535; x_wconf 76' lang='lat' dir='ltr'>regim</span> <span class='ocrx_word' id='word_1_150' title='bbox 301 3443 497 3535; x_wconf 89' lang='lat' dir='ltr'>majestatis</span> <span class='ocrx_word' id='word_1_151' title='bbox 521 3444 587 3535; x_wconf 83' lang='lat' dir='ltr'>legi</span> <span class='ocrx_word' id='word_1_152' title='bbox 606 3444 761 3535; x_wconf 89' lang='lat' dir='ltr'>jusserat</span> <span class='ocrx_word' id='word_1_153' title='bbox 780 3443 939 3527; x_wconf 79' lang='lat' dir='ltr'>litteras3</span> <span class='ocrx_word' id='word_1_154' title='bbox 960 3445 1023 3513; x_wconf 91' lang='lat' dir='ltr'>sed</span> 
     </span>
     <span class='ocr_line' id='line_1_26' title="bbox 47 3557 1065 3650; baseline 0.005 -27"><span class='ocrx_word' id='word_1_155' title='bbox 47 3558 214 3627; x_wconf 86' lang='lat' dir='ltr'>clamores</span> <span class='ocrx_word' id='word_1_156' title='bbox 230 3557 360 3638; x_wconf 81' lang='lat' dir='ltr'>exciti,</span> <span class='ocrx_word' id='word_1_157' title='bbox 377 3558 439 3627; x_wconf 90' lang='lat' dir='ltr'>ubi</span> <span class='ocrx_word' id='word_1_158' title='bbox 456 3558 499 3627; x_wconf 93' lang='lat' dir='ltr'>de</span> <span class='ocrx_word' id='word_1_159' title='bbox 513 3558 646 3627; x_wconf 43' lang='lat' dir='ltr'>‘unione</span> <span class='ocrx_word' id='word_1_160' title='bbox 667 3568 704 3629; x_wconf 86' lang='lat' dir='ltr'>et</span> <span class='ocrx_word' id='word_1_161' title='bbox 726 3560 878 3650; x_wconf 86' lang='lat' dir='ltr'>praesule</span> <span class='ocrx_word' id='word_1_162' title='bbox 900 3558 1019 3640; x_wconf 83' lang='lat' dir='ltr'>unito,</span> <span class='ocrx_word' id='word_1_163' title='bbox 1061 3589 1065 3595; x_wconf 86' lang='lat'><strong>·</strong></span> 
     </span>
     <span class='ocr_line' id='line_1_27' title="bbox 47 3666 1023 3760; baseline 0.003 -28"><span class='ocrx_word' id='word_1_164' title='bbox 47 3666 97 3734; x_wconf 91' lang='lat' dir='ltr'>cui</span> <span class='ocrx_word' id='word_1_165' title='bbox 111 3668 322 3747; x_wconf 87' lang='lat' dir='ltr'>obedirent,</span> <span class='ocrx_word' id='word_1_166' title='bbox 338 3668 503 3737; x_wconf 86' lang='lat' dir='ltr'>audivere</span> <span class='ocrx_word' id='word_1_167' title='bbox 515 3691 522 3749; x_wconf 94' lang='grc'>;</span> <span class='ocrx_word' id='word_1_168' title='bbox 541 3668 780 3760; x_wconf 89' lang='lat' dir='ltr'>conjectisque</span> <span class='ocrx_word' id='word_1_169' title='bbox 793 3669 829 3736; x_wconf 89' lang='lat' dir='ltr'>in</span> <span class='ocrx_word' id='word_1_170' title='bbox 843 3670 1023 3737; x_wconf 87' lang='lat' dir='ltr'>cumulum</span> 
     </span>
     <span class='ocr_line' id='line_1_28' title="bbox 47 3777 1024 3872; baseline 0.005 -29"><span class='ocrx_word' id='word_1_171' title='bbox 47 3777 166 3865; x_wconf 86' lang='lat' dir='ltr'>pileis,</span> <span class='ocrx_word' id='word_1_172' title='bbox 188 3779 255 3871; x_wconf 93' lang='lat' dir='ltr'>qui</span> <span class='ocrx_word' id='word_1_173' title='bbox 282 3779 408 3848; x_wconf 90' lang='lat' dir='ltr'>modus</span> <span class='ocrx_word' id='word_1_174' title='bbox 429 3779 624 3848; x_wconf 85' lang='lat' dir='ltr'>barbaricae</span> <span class='ocrx_word' id='word_1_175' title='bbox 652 3779 688 3848; x_wconf 92' lang='lat' dir='ltr'>in</span> <span class='ocrx_word' id='word_1_176' title='bbox 713 3785 820 3872; x_wconf 83' lang='lat' dir='ltr'>caput</span> <span class='ocrx_word' id='word_1_177' title='bbox 844 3780 1024 3872; x_wconf 87' lang='lat' dir='ltr'>Josaphati</span> 
     </span>
     <span class='ocr_line' id='line_1_29' title="bbox 46 3891 1025 3984; baseline 0.002 -25"><span class='ocrx_word' id='word_1_178' title='bbox 46 3891 303 3984; x_wconf 83' lang='lat' dir='ltr'>conjurationis</span> <span class='ocrx_word' id='word_1_179' title='bbox 328 3893 461 3972; x_wconf 87' lang='lat' dir='ltr'>fuerat,</span> <span class='ocrx_word' id='word_1_180' title='bbox 486 3913 612 3984; x_wconf 89' lang='lat' dir='ltr'>parum</span> <span class='ocrx_word' id='word_1_181' title='bbox 637 3891 770 3972; x_wconf 87' lang='lat' dir='ltr'>abfuit,</span> <span class='ocrx_word' id='word_1_182' title='bbox 792 3892 878 3983; x_wconf 90' lang='lat' dir='ltr'>quin</span> <span class='ocrx_word' id='word_1_183' title='bbox 902 3912 1025 3961; x_wconf 88' lang='lat' dir='ltr'>omnes</span> 
     </span>
     <span class='ocr_line' id='line_1_30' title="bbox 47 4004 1026 4099; baseline 0.005 -29"><span class='ocrx_word' id='word_1_184' title='bbox 47 4024 120 4071; x_wconf 91' lang='lat' dir='ltr'>cum</span> <span class='ocrx_word' id='word_1_185' title='bbox 140 4006 338 4097; x_wconf 89' lang='lat' dir='ltr'>Josaphato</span> <span class='ocrx_word' id='word_1_186' title='bbox 360 4004 581 4073; x_wconf 85' lang='lat' dir='ltr'>trucidarint.</span> <span class='ocrx_word' id='word_1_187' title='bbox 605 4005 672 4075; x_wconf 89' lang='lat' dir='ltr'>Sed</span> <span class='ocrx_word' id='word_1_188' title='bbox 696 4026 802 4073; x_wconf 90' lang='lat' dir='ltr'>mauu</span> <span class='ocrx_word' id='word_1_189' title='bbox 823 4006 885 4075; x_wconf 89' lang='lat' dir='ltr'>Dei</span> <span class='ocrx_word' id='word_1_190' title='bbox 900 4012 1026 4099; x_wconf 87' lang='lat' dir='ltr'>prote-</span> 
     </span>
     <span class='ocr_line' id='line_1_31' title="bbox 46 4116 1024 4216; baseline -0.003 -30"><span class='ocrx_word' id='word_1_191' title='bbox 46 4124 145 4205; x_wconf 84' lang='lat' dir='ltr'>gente</span> <span class='ocrx_word' id='word_1_192' title='bbox 161 4116 272 4185; x_wconf 86' lang='lat' dir='ltr'>illaesi</span> <span class='ocrx_word' id='word_1_193' title='bbox 287 4137 442 4185; x_wconf 82' lang='lat' dir='ltr'>euasere.</span> <span class='ocrx_word' id='word_1_194' title='bbox 465 4116 662 4216; x_wconf 81' lang='lat' dir='ltr'>solemnem</span> <span class='ocrx_word' id='word_1_195' title='bbox 688 4135 914 4207; x_wconf 82' lang='lat' dir='ltr'>progressum</span> <span class='ocrx_word' id='word_1_196' title='bbox 933 4136 1024 4184; x_wconf 90' lang='lat' dir='ltr'>anno</span> 
     </span>
    </p>
   </div>
   <div class='ocr_carea' id='block_1_3' title="bbox 0 0 1634 5483">
    <p class='ocr_par' dir='ltr' id='par_1_8' title="bbox 0 0 1634 5483">
     <span class='ocr_line' id='line_1_32' title="bbox 0 0 1634 5483; baseline 0 0"><span class='ocrx_word' id='word_1_197' title='bbox 0 0 1634 5483; x_wconf 95' lang='lat' dir='ltr'> </span> 
     </span>
    </p>
   </div>
  </div>
 </body>
</html>
