3259 5484
985 704 1195 814 ..se-y

587 927 666 976 cum
682 907 725 976 ad
740 905 991 976 monasterium
1003 905 1124 976 ivisset
1133 909 1355 990 Peczanense3
1371 910 1432 979 sed
1444 909 1550 979 viven-

585 1023 657 1086 tem
701 1018 943 1110 victoremque
980 1018 1024 1087 de
1057 1017 1263 1098 schismate,
1295 1017 1411 1090 laetior
1450 1042 1547 1113 quam

583 1126 784 1208 dimiserat,
813 1127 959 1220 recepit.
981 1131 1032 1196 Ex
1053 1133 1206 1219 pnaetore
1227 1127 1380 1198 civitatis
1405 1131 1548 1200 duobus

582 1261 652 1331 que
680 1239 924 1310 sacerdotibus
949 1238 1073 1309 Unioni
1103 1245 1234 1309 sancta
1261 1240 1438 1332 adjunctis
1470 1241 1547 1334 (qui

581 1351 807 1442 postmodum
822 1372 843 1420 a
861 1349 1001 1420 Cosanis
1024 1371 1113 1443 punc
1133 1372 1198 1443 pro
1218 1357 1338 1421 sancta
1357 1353 1426 1422 fide
1449 1358 1546 1445 atque

581 1461 713 1534 Unione
737 1463 909 1533 catholica
936 1462 1102 1532 trucidati
1129 1467 1234 1552 sunt)
1261 1463 1297 1533 in
1330 1465 1545 1534 Litbuaniam

580 1593 660 1641 enm
675 1574 866 1666 Josaphato
881 1574 1068 1643 concessit.
1084 1578 1123 1643 ln
1140 1574 1255 1644 reditu
1271 1574 1392 1646 Kiovia
1403 1576 1543 1656 Vilnam,

578 1703 804 1776 quocumque
819 1684 855 1753 in
874 1684 950 1754 ioco
969 1685 1138 1778 iosaphat
1152 1684 1230 1753 fixit
1244 1687 1389 1778 pedem,
1410 1688 1544 1756 eosdem

579 1798 615 1867 in
628 1800 806 1870 lucrandis
820 1805 891 1871 Deo
907 1801 1093 1872 animabus
1108 1802 1311 1872 insumebat
1325 1803 1476 1874 labores.

347 1939 428 1982 vtum
442 1939 503 1983 redi·-
621 1926 732 1997 Vilnae
755 1933 830 1995 tum
848 1926 962 2018 vulgi,
987 1933 1063 1996 tum
1081 1926 1230 2007 civium,
1256 1933 1332 1996 tum
1363 1928 1545 2021 religioso-

577 2061 672 2120 rum,
688 2045 762 2109 tum
779 2039 959 2132 praecipue
979 2059 1188 2131 pauperum,
1207 2045 1247 2109 ut
1261 2046 1444 2132 patronus
1462 2061 1545 2132 pro-

577 2157 709 2231 tector,
732 2150 917 2243 magister,
931 2157 1032 2243 pater
1047 2150 1294 2220 universorum
1314 2172 1395 2219 cum
1417 2150 1545 2242 ingenti

576 2269 746 2352 exceptus
770 2259 906 2329 laetitia.
927 2262 974 2329 Ac
1000 2259 1125 2329 iisdem
1152 2258 1360 2330 incumbens
1391 2259 1542 2340 artibus,

575 2373 706 2465 quibus
721 2379 845 2453 antea,
866 2373 903 2440 in
922 2372 999 2442 dies
1014 2393 1093 2441 cum
1112 2371 1275 2462 lacrymis
1298 2378 1452 2451 metens,
1468 2393 1543 2440 cum

573 2486 701 2577 gaudio
716 2486 814 2555 vivos
829 2492 1002 2578 aptosque
1017 2485 1059 2553 ad
1077 2484 1221 2555 coeieste
1236 2483 1400 2553 horreum
1422 2489 1544 2576 ponta-

301 2624 377 2667 uuua
400 2629 502 2671 anau
522 2634 545 2672 a
572 2598 633 2666 bat
652 2601 722 2667 Deo
738 2597 949 2690 manipulos.
968 2600 1018 2665 lta
1034 2601 1074 2664 ut
1088 2600 1218 2687 praeter
1233 2602 1385 2674 externe,
1403 2615 1423 2663 e
1442 2593 1542 2686 plebe

327 2689 450 2804 ξᾚζῖἶῗζῗ
467 2690 519 2734 “⁰⁰¹
571 2717 611 2778 ae
626 2707 810 2778 nobilitate
825 2707 997 2788 homines,
1007 2706 1143 2777 Vilnam
1162 2706 1315 2775 maxima
1330 2728 1374 2776 ex
1387 2711 1487 2796 parte
1501 2706 1541 2773 ad

570 2817 739 2888 Unionem
779 2823 936 2887 sanctam
976 2816 1190 2886 convertisse
1227 2814 1377 2886 dicatur.
1413 2815 1542 2896 Quibus

571 2929 672 3022 quasi
686 2951 792 2999 suave
806 2929 934 3021 adjecit
943 2949 1116 3009 acroama,
1130 2949 1210 2997 cum
1226 2928 1448 2996 Theodorum
1459 2927 1541 2995 Sku-

570 3040 643 3109 min
669 3039 965 3132 Tyszkievicium‚
995 3039 1301 3130 Novogrodensem
1328 3037 1537 3129 palatinum,

570 3161 605 3220 et
618 3150 832 3231 Janussium,
848 3151 925 3242 ejus
935 3149 1068 3230 filium,
1090 3149 1207 3242 magni
1220 3152 1375 3218 Donatus
1393 3148 1541 3216 Lithua-

569 3263 637 3333 niae
670 3263 704 3333 id
729 3264 900 3355 temporis
924 3261 1121 3343 notarium,
1155 3267 1277 3353 postea
1304 3259 1540 3331 Mstislauien-

570 3394 655 3454 sem,
674 3377 883 3443 Troceneem
901 3378 937 3442 et
953 3373 1152 3444 Vilnensem
1169 3370 1384 3464 palatinum,
1402 3371 1540 3464 proavis

568 3485 749 3576 atavisque
770 3484 993 3555 senatoribus
1013 3484 1237 3576 progenitoS‚
1255 3505 1275 3553 e
1295 3482 1482 3552 schismate
1498 3482 1539 3550 ad

568 3597 734 3667 unionem
755 3596 1006 3666 transtulisset.
1029 3600 1103 3679 Quo
1127 3595 1233 3666 etiam
1255 3601 1399 3687 auctore
1420 3616 1540 3663 saeca-

568 3706 659 3776 rium
681 3709 723 3777 ad
748 3709 860 3778 aedem
887 3707 1118 3776 sanctissimae
1147 3699 1327 3775 Trinitatis
1353 3706 1536 3785 Vilnense,

567 3824 642 3888 arte
657 3819 899 3898 elaboratum,
916 3817 1101 3909 majestate
1111 3817 1334 3910 praeclarum,
1357 3837 1540 3886 ornamen-

566 3929 611 3998 tis
634 3930 750 4010 dives,
780 3937 969 4022 parentum
1000 3950 1145 3998 suorum
1179 3928 1415 4020 depositone,
1447 3928 1537 3997 idem

564 4040 722 4109 notarius
742 4040 856 4111 erexit
878 4039 1102 4131 dotavitque;
1125 4038 1339 4131 quinetiam
1364 4060 1447 4108 suas
1468 4037 1540 4107 illic

562 4152 691 4244 deponi
703 4152 882 4223 mandavit
892 4152 1048 4222 exuviae.
