3259 5484
969 719 1148 791 ..86-

574 873 672 964 pbati
706 874 950 966 primicerius,
978 898 1020 945 eo
1052 878 1284 971 refugientes,
1324 878 1534 948 truculenter
1608 864 1609 875 ¹

572 988 759 1058 vulnerati.
774 994 861 1057 Cum
878 990 936 1059 ille
950 991 985 1058 in
1003 991 1119 1083 eapite
1132 991 1326 1061 oetodeeinr
1351 998 1445 1061 secta
1469 990 1533 1059 vul·

573 1120 679 1178 uera,
698 1100 862 1191 equibus
877 1100 920 1169 28
942 1110 1107 1193 exempta
1122 1110 1202 1194 post
1223 1124 1323 1182 ossa,
1340 1102 1374 1169 in
1396 1123 1533 1193 eorpore

571 1220 690 1281 auteur
725 1212 929 1283 innumeras
968 1215 1130 1283 fustuarii
1163 1215 1304 1284 tulisset
1342 1215 1533 1286 concussio·

572 1344 656 1401 nes,
675 1330 715 1392 ut
733 1346 857 1393 omues
880 1326 1077 1395 eonlraetos
1092 1348 1255 1397 censeres
1269 1334 1379 1395 artus.
1398 1327 1458 1395 llio
1473 1337 1533 1395 tre·

572 1432 685 1501 decim
700 1434 908 1504 vulneribus
922 1435 1043 1504 itidem
1059 1436 1164 1505 sectis
1183 1437 1357 1507 horrende
1377 1438 1529 1515 effeetus,

570 1548 701 1618 ietibus
736 1551 883 1620 fustium
926 1552 1089 1645 plurimis
1127 1553 1365 1623 miserandum
1399 1576 1532 1623 oeneus-

571 1686 642 1732 sus.
658 1664 768 1733 Ambo
779 1665 949 1757 sanguine
962 1666 1114 1735 ubertim
1126 1666 1318 1746 delluente,
1337 1670 1438 1757 quasi
1452 1666 1531 1733 infra

571 1786 731 1845 mortuos
746 1778 923 1846 amandati
938 1791 1067 1857 essent,
1085 1778 1119 1845 in
1133 1785 1225 1847 terra
1242 1778 1401 1869 projecti.
1418 1777 1531 1847 Caeteri

570 1896 632 1959 aut
648 1890 762 1982 globis
775 1891 870 1972 laesi,
885 1892 1299 1971 autvulneribussaueii‚
1315 1900 1376 1958 aut
1388 1891 1532 1959 fustibus

569 2002 672 2081 oaesi,
703 2025 772 2094 qua
797 2004 878 2071 data
900 2003 955 2071 via
982 2004 1127 2094 dilapsi,
1154 2003 1367 2094 perdurante
1390 2002 1424 2069 in
1452 2001 1531 2069 atrio

569 2113 735 2205 Gregorio
756 2114 899 2183 Uszaeki
920 2114 1073 2206 graviter
1095 2115 1290 2182 vulnerato.
1313 2112 1374 2181 Cui
1397 2112 1530 2204 quidam

570 2232 676 2291 notus
700 2224 899 2316 parricida:
927 2234 957 2293 at
979 2234 1033 2305 tu,
1060 2224 1198 2317 inquit,
1225 2246 1310 2293 unus
1328 2246 1359 2292 es
1380 2247 1420 2292 arr
1446 2223 1531 2291 illis?

569 2354 675 2401 nonne
698 2336 828 2424 pridem
852 2336 1001 2403 sciebatis
1029 2335 1094 2405 tuo
1119 2336 1207 2403 uobis
1234 2336 1425 2425 quandoque
1443 2357 1531 2403 evera

571 2448 669 2513 tura?

615 2563 700 2627 Turn
716 2560 818 2652 quasi
834 2561 877 2629 de
900 2582 1034 2629 sommo
1049 2566 1233 2651 correptus
1255 2560 1383 2650 praesul
1407 2559 1528 2627 unitam

570 2692 650 2739 eum
666 2676 737 2741 Deo
750 2672 848 2764 rupit
863 2672 1075 2751 orationem,
1092 2679 1127 2742 et
1144 2678 1262 2742 certus
1280 2671 1376 2740 brevi
1390 2672 1530 2739 abrum-

569 2783 806 2872 pendaevitae‚
822 2784 865 2852 ad
885 2782 1030 2851 siearios
1053 2782 1237 2875 processit.
1260 2785 1366 2851 Fores
1384 2778 1529 2850 eubieuli
1608 2774 1609 2825 ἶ

569 2892 644 2984 ipse
660 2894 800 2984 aperuit
814 2901 852 2964 et
862 2894 1006 2973 elausit,
1022 2916 1062 2962 ae
1077 2895 1113 2963 in
1126 2894 1216 2962 atrio
1236 2894 1350 2985 palam
1367 2891 1527 2961 constitit.

568 3005 654 3074 Dein
675 3005 789 3075 erneis
804 3012 936 3076 sanetae
952 3006 1050 3097 signo
1069 3005 1253 3098 parricidis
1275 3004 1472 3099 impertito,
1491 3001 1527 3070 si-

567 3116 679 3188 nistro
695 3117 771 3209 ejus
791 3118 891 3187 lateri
908 3120 1064 3189 haerente
1080 3121 1264 3210 Gregorio,
1283 3118 1411 3187 blande
1428 3116 1504 3209 prof
1519 3152 1530 3164 ·
1607 3146 1608 3175 i

568 3236 626 3298 tur
644 3231 795 3313 :Fidele
815 3252 917 3321 quare
934 3232 1074 3318 [emulos
1086 3253 1169 3298 meos
1184 3232 1325 3298 insontes
1339 3228 1486 3297 cuditis?
1499 3226 1530 3291 Si

565 3344 696 3431 aliquid
705 3352 817 3411 contre
830 3344 1024 3423 modulatis,
1041 3364 1105 3412 ecoe
1116 3345 1242 3410 adsum.
1259 3346 1443 3411 Steterunt
1453 3346 1530 3407 atto·
1606 3430 1607 3433 Ἴ

567 3453 631 3521 niti
645 3453 841 3545 parricidae,
858 3453 957 3545 quasi
967 3454 1146 3545 quidpiam
1158 3453 1264 3521 divini
1278 3474 1403 3519 manus
1417 3469 1527 3521 eornnr
1606 3440 1607 3459 ¹

566 3563 797 3646 coercuisset3
815 3565 926 3633 donee
945 3565 1015 3632 duo
1035 3564 1200 3632 absentes
1219 3585 1298 3631 eum
1320 3562 1527 3652 loqueretur,

566 3695 611 3742 ex
622 3675 784 3766 opposita
795 3697 934 3745 eanrera
948 3675 1164 3767 erupissent,
1183 3674 1412 3752 caedendum,
1433 3668 1529 3739 truci·
1605 3738 1606 3747 ,

565 3785 737 3865 dandum,
755 3786 923 3865 latinum,
943 3786 1116 3877 papistanr
1133 3785 1373 3854 inclamantes.
1397 3787 1439 3850 Et
1459 3799 1528 3849 eun

564 3896 618 3963 vir
639 3896 712 3975 Dei,
731 3904 770 3965 ut
789 3919 900 3989 agnus
915 3896 1115 3976 oeeisionis,
1132 3918 1257 3965 manus
1272 3896 1307 3961 in
1322 3900 1465 3985 pectore
1480 3891 1530 3958 de·

564 4008 731 4075 eussatirn
743 4014 902 4100 poneret,
921 4008 1009 4077 alter
1024 4008 1175 4099 oblongo
1189 4008 1281 4077 fuste
1294 4014 1403 4098 eaput
1417 4002 1525 4096 petiit,
1604 4030 1605 4035 ¹

565 4120 654 4188 alter
666 4119 811 4213 bipenni
825 4126 954 4213 aparte
966 4120 1108 4189 sinistra
1123 4120 1337 4189 horrendum
1352 4113 1525 4188 dissecuit.
