3259 5484
987 668 1190 741 -168-

602 829 816 909 valetudine,
852 850 872 897 a
903 829 1048 899 medicis
1070 828 1273 909 derelictus
1299 828 1452 898 sednon
1476 851 1565 898 asuc

602 941 869 1033 arcbipraesule,
897 942 998 1033 cujus
1024 942 1107 1012 clim
1131 947 1251 1033 egerat
1278 941 1562 1022 archidiaconum,

601 1053 846 1146 passionisque
862 1054 1008 1123 socium.
1026 1058 1109 1123 Nam
1124 1076 1203 1123 cum
1221 1054 1291 1123 vita
1310 1060 1346 1123 et
1372 1061 1483 1124 morte
1503 1056 1566 1125 luc·

603 1174 709 1246 tatus,
727 1168 771 1236 ad
787 1166 912 1237 merita
932 1167 1009 1259 ejus
1028 1167 1201 1251 accurrit,
1225 1167 1468 1237 immadelacta
1489 1168 1566 1237 reli-

603 1277 766 1369 quiarum
795 1279 873 1370 ejus
886 1280 1059 1371 particula
1088 1279 1237 1371 simplici
1263 1280 1385 1371 potui,
1414 1281 1565 1350 eumdem

436 1396 507 1428 Μ·
603 1387 734 1469 ebibit;
757 1395 865 1480 atque
887 1388 1113 1481 integerrima
1130 1411 1167 1458 se
1183 1389 1298 1480 ipsum
1317 1388 1472 1459 sentiens
1487 1389 1566 1457 vale·

604 1500 738 1577 tudine,
769 1498 805 1567 in
835 1500 1027 1569 crastinum
1055 1520 1192 1569 sacrum
1221 1490 1416 1578 celebrans,
1444 1502 1512 1568 Deo
1537 1506 1565 1566 et

603 1612 749 1704 martyri
762 1620 879 1705 grates
899 1612 1078 1704 persolvit.

647 1723 703 1792 81.
717 1716 838 1793 banus
849 1724 1018 1817 agebatur
1028 1724 1125 1805 1636,
1137 1724 1303 1817 vigesima
1316 1732 1414 1794 sexta
1423 1724 1563 1815 augusti,

604 1836 745 1927 quanda
764 1840 932 1905 loannem
948 1836 1161 1927 Cbcdykam,
1176 1835 1399 1906 mercimonia
1417 1836 1565 1906 Vitebseu

604 1948 776 2018 Pelcciam
790 1947 930 2016 duabus
943 1951 1043 2017 Duria
1056 1947 1201 2029 llumine
1214 1949 1400 2017 ducentem
1416 1948 1562 2025 navibus,

606 2060 734 2129 nobilis
762 2060 927 2152 quidem,
947 2062 1008 2131 sed
1036 2061 1211 2153 malignus
1233 2062 1358 2139 bomo,
1376 2065 1483 2150 atque
1498 2080 1565 2127 acer

606 2172 862 2252 schismaticae,
904 2171 1050 2252 Gliuski,
1091 2180 1194 2241 nocte
1220 2194 1300 2241 cum
1322 2171 1487 2263 Gregorio
1505 2169 1565 2237 lille

605 2283 822 2363 invaserunt,
846 2305 885 2352 ac
907 2284 1089 2353 duodecim
1106 2284 1252 2353 vulnera
1268 2283 1480 2375 periculosa,
1506 2304 1565 2351 sec·

607 2405 653 2476 ta,
673 2396 882 2466 intulerunt.
905 2398 1003 2478 Quod
1023 2396 1103 2465 uitae
1119 2396 1314 2489 periculum
1328 2396 1440 2465 vitare
1460 2396 1564 2463 voleus

606 2508 686 2585 ille,
713 2515 839 2600 sponte
860 2510 1016 2601 suscepit
1042 2509 1137 2577 aliud
1164 2533 1171 2577 :
1198 2516 1233 2577 et
1262 2508 1480 2601 praecipitem
1501 2529 1564 2576 sese

607 2620 643 2688 in
678 2620 810 2689 tlumeu
845 2642 976 2713 agens,
1007 2621 1233 2690 inclamauit:
1255 2626 1358 2690 Beate
1386 2621 1562 2711 Jcsapbat,
1615 2676 1616 2724 p

607 2730 734 2822 adjuva
759 2753 827 2801 me.
859 2732 1036 2825 Reliquias
1061 2738 1179 2801 autem
1201 2732 1342 2823 ejusde
1370 2730 1460 2800 calle
1487 2751 1564 2821 pea-

608 2842 691 2910 siles
719 2842 855 2911 babuit.
889 2846 957 2912 Nec
995 2844 1186 2911 frustratus
1218 2841 1393 2934 adjutorio
1417 2864 1424 2909 :
1448 2840 1563 2933 quippe

608 2962 679 3021 tam
702 2954 831 3034 latum,
861 2955 1091 3045 protundum,
1122 2962 1157 3024 et
1186 2954 1318 3044 rapidis
1342 2952 1562 3045 periculosum
1614 2938 1615 2986 l

608 3066 800 3134 uerticibus
829 3067 961 3137 llumen
988 3069 1151 3137 tranavit.
1186 3071 1229 3136 Et
1261 3073 1378 3136 tamen
1408 3062 1563 3134 subsectis
1613 3144 1614 3157 χ

609 3175 794 3256 manibus,
821 3199 912 3268 aqua
936 3178 1121 3269 proluente
1148 3178 1316 3256 vulnera,
1344 3175 1431 3267 ipsis
1452 3175 1564 3243 vulue—
1613 3158 1614 3248 l

608 3289 708 3358 ribus
726 3291 828 3381 quasi
853 3291 1037 3361 duodecim
1060 3292 1201 3371 rivulis,
1233 3290 1403 3382 sanguine
1432 3306 1565 3356 manau·
1612 3364 1613 3389 ,

609 3399 727 3480 tibus,
760 3400 918 3469 vestibus
946 3402 1197 3493 gravantibus,
1234 3400 1422 3471 tenebrosa
1452 3406 1561 3473 nocte,

608 3512 703 3603 quud
731 3533 801 3579 nau
830 3512 999 3603 perierit,
1025 3514 1087 3584 Dei
1112 3520 1207 3584 certe
1237 3521 1272 3583 et
1300 3512 1464 3605 martyris
1490 3528 1563 3601 opus
1611 3592 1612 3599 ἵ

608 3620 686 3689 fuit.

653 3732 707 3801 86.
734 3736 832 3804 briae
862 3736 959 3818 1637,
989 3738 1159 3808 februarii
1186 3738 1252 3818 tl,
1281 3739 1424 3831 quidam
1450 3742 1563 3827 Carpus

608 3848 862 3929 Buuiakievicz,
888 3850 923 3919 in
939 3850 1021 3919 villa
1036 3851 1219 3921 Kolcdezie
1245 3852 1280 3919 in
1305 3851 1484 3943 Vulhynia,
1510 3844 1563 3914 sub

608 3962 788 4042 bucecria,
801 3974 943 4032 centum
954 3963 1097 4054 triginta
1108 3962 1218 4033 leucis
1229 3986 1247 4031 a
1259 3963 1413 4043 Pelccia,
1427 3962 1562 4030 dextera
1609 4048 1610 4059 ἵ

609 4093 734 4141 manus
748 4074 930 4145 doloribus
948 4075 1140 4167 plurimum
1154 4076 1314 4156 afflictus
1333 4097 1397 4145 nee
1412 4071 1562 4165 sanguiue
