3259 5484
455 702 635 777 -65-.-

75 884 150 933 oum
162 884 290 931 summa
306 861 413 929 animi
428 861 482 929 sui
498 865 605 951 atque
620 856 808 937 famulitii,
824 854 870 924 ob
882 855 1035 945 despeo-

84 982 146 1043 tum
167 974 399 1067 impatientis,
426 974 678 1044 moderatione.
700 968 891 1063 AEgerrime
923 968 1035 1037 tulere

81 1112 146 1160 eam
165 1092 317 1182 parentis
331 1091 607 1161 inurbanitatem
624 1088 707 1157 filiae
722 1112 730 1156 :
748 1096 784 1157 et
805 1084 1033 1178 sapientiam,

81 1202 282 1283 modestiam,
300 1203 480 1295 pietatem,
496 1224 682 1295 personam
698 1198 879 1292 praesulis,
902 1195 1038 1288 inquie-

80 1311 172 1393 bant,
206 1315 439 1405 ponderaret,
471 1313 715 1403 vindicemque
736 1315 846 1380 Deum
864 1304 1039 1401 pertime-

80 1432 191 1491 sceret.
205 1424 358 1493 Indoluit
372 1424 451 1505 iste,
463 1429 598 1516 etequo
611 1419 1038 1511 oonsoensolosapbatum

80 1542 265 1615 assecutuS,
299 1535 452 1627 pedibus
482 1534 628 1614 aroidit,
647 1554 791 1625 parsum
817 1530 884 1600 sibi
910 1526 1037 1609 vellet,

79 1644 229 1735 pluribus
248 1649 470 1739 depreeatur.
487 1649 531 1716 At
547 1647 606 1716 ille
623 1646 710 1714 nihil
725 1644 793 1713 sibi
808 1642 949 1735 injuriae
963 1643 1042 1711 fao-

81 1761 165 1837 tum,
180 1758 320 1828 filiabus
336 1759 450 1827 solum
471 1759 671 1829 libertatem
685 1756 868 1827 oatholieae
888 1754 1043 1847 permit-

79 1871 161 1937 teret
173 1869 266 1950 fidei,
285 1876 373 1941 orat.
389 1875 592 1940 Commotus
607 1870 777 1949 bonitate,
795 1868 948 1960 amplius
960 1867 1039 1946 iste,

80 2000 112 2046 se
132 2002 272 2075 quoque
293 1983 453 2052 futurum
477 1982 711 2063 catholicum,
739 1982 883 2051 domum
911 1974 1043 2049 rediret

79 2116 169 2164 suam
193 2095 490 2187 lacrymabundus
513 2095 681 2187 postulat.
707 2096 773 2164 Sed
797 2094 923 2163 itinere
947 2102 1044 2185 prte-

78 2208 190 2297 gnanti
203 2207 610 2301 praepedituslosaphat,
624 2208 660 2275 in
674 2207 789 2299 lapide
804 2207 870 2276 viae
884 2206 1044 2298 proximo

79 2320 228 2389 oonsidet
248 2367 270 2397 ,·
297 2319 460 2393 baeresim
503 2320 724 2411 ejurantem,
769 2315 1042 2412 laerymantenl,

79 2427 180 2497 totius
198 2429 281 2498 vitae
302 2429 435 2497 scelera
455 2430 683 2499 confitentem
709 2429 863 2498 nobilem
879 2430 992 2509 audit,
1011 2438 1046 2497 et

80 2539 272 2609 amabiliter
293 2539 493 2619 dimittenS,
514 2540 674 2611 discedit.
703 2542 918 2632 stupuitque
938 2560 1048 2632 paro*

79 2652 179 2732 ebus,
198 2675 236 2722 se
252 2651 374 2720 multis
399 2673 469 2720 non
494 2652 683 2744 perfecisse
703 2652 821 2732 annis,
847 2652 941 2743 quod
955 2656 1050 2720 losa*

78 2761 159 2851 phat
182 2785 254 2849 una
272 2761 499 2853 praestitisset
518 2762 615 2831 hora.

119 2886 401 2953 commemorare
416 2882 474 2951 bie
488 2883 621 2975 placuit
640 2884 749 2953 alium
778 2886 813 2952 in
836 2884 914 2953 aliis
935 2886 1049 2955 zelum
1077 2902 1184 2975 cononi
1200 2900 1264 2973 nrm
1282 2910 1321 2939 m-

77 2996 507 3088 losapbatoocasionibus
522 3002 621 3067 Rutae
633 3021 742 3091 prope
752 3001 1065 3092 Novogrodeoum,¹
1099 2964 1300 3008 b'¹⁰mh⁶'⁹¹'⁰⁰m'

80 3106 168 3194 apud
196 3106 510 3198 metropolitanum
533 3109 724 3200 losephum
753 3109 806 3177 vir
831 3110 892 3179 Dei
914 3111 1048 3189 luerat,

78 3236 153 3282 oum
179 3216 250 3308 ipsi
271 3217 501 3299 innotuisset,
520 3218 675 3289 nobilem
696 3222 884 3313 quemdam
904 3222 1054 3291 haereti-
1148 3246 1160 3259 ·

78 3345 154 3393 oum
181 3328 408 3420 aegerrimum
438 3350 527 3399 esse.
553 3331 731 3412 Aoourrit,
761 3332 866 3402 fidem
896 3342 1051 3401 sanatam

78 3441 276 3528 persuasit,
314 3442 570 3511 confessionem
594 3443 671 3535 ejus
695 3444 846 3536 excepit.
874 3449 917 3512 Et
941 3446 1006 3513 boo
1035 3468 1055 3512 a

77 3551 254 3621 moriente
276 3552 429 3643 elogium
459 3553 581 3629 audire
605 3555 734 3623 meruit
759 3578 766 3623 :
788 3554 883 3624 Nune
901 3558 1052 3645 copnout',

76 3664 160 3747 quod
171 3663 263 3731 nem
276 3664 429 3751 arpalum
443 3684 539 3732 auum
553 3666 681 3733 miserit
694 3668 739 3734 od
756 3688 818 3734 ura.

118 3776 348 3845 lnaudiverat
363 3777 475 3857 idem,
491 3778 675 3869 conjugem
689 3779 908 3871 Drogisensis
921 3780 1057 3871 guber·
1084 3798 1190 3841 convertit
1207 3796 1327 3842 herere-m

77 3890 226 3969 natoris,
246 3889 420 3980 egregiam
445 3889 610 3970 nobilem,
631 3891 1059 3982 periculosedeoumben-
1147 3860 1264 3914 qmd'm'

77 4012 168 4083 tem3
200 3999 386 4069 multoties
414 4000 501 4069 adiit
529 4000 656 4080 illam,
683 4002 726 4070 ad
755 4001 860 4071 fidem
891 4002 1059 4071 suavibus

78 4115 200 4185 verbis
221 4119 258 4183 et
285 4113 398 4182 modis
418 4113 587 4183 inritavit.
611 4114 867 4208 Molestumque
890 4115 956 4183 sibi
977 4138 1059 4185 eum

971 4228 988 4280 5
