3259 5484
487 752 533 767 -
557 713 619 783 ‘1811
644 753 689 768 -

110 868 286 945 PoloccnsiS,
314 881 349 934 ut
373 873 509 937 babetur
532 876 565 938 in
588 876 729 937 Processu
740 876 894 938 Polocensr'
917 874 985 955 (sol.
1007 876 1072 956 70).

109 972 175 1045 Quae
187 971 268 1036 lama
279 984 311 1035 et
320 984 469 1038 constans
481 976 577 1039 totius
588 977 698 1060 populi
712 976 927 1039 testimonium
940 977 972 1037 in
985 996 1075 1041 cano

109 1075 255 1137 nicatione
269 1080 459 1141 Sanctorum
471 1078 602 1161 plurimi
618 1096 742 1160 semper
753 1077 835 1140 facta
854 1077 929 1151 luit,
953 1087 983 1140 et
997 1078 1077 1141 bene

108 1177 354 1241 animadversum
365 1189 396 1242 et
410 1181 580 1262 probatum
600 1180 659 1243 soit
671 1181 703 1241 in
719 1180 874 1242 Relctr'oae
893 1180 932 1243 B.
960 1180 1077 1243 Thorace

106 1277 137 1337 de
159 1277 309 1343 Villaaova
324 1331 331 1354 ,
347 1300 418 1363 cap.
434 1281 469 1343 dc
481 1283 564 1363 sama
577 1281 755 1343 sanctitatis.
768 1281 835 1343 lmo
847 1280 930 1343 lama
948 1281 980 1343 in
995 1279 1077 1344 lacto

106 1383 215 1444 recenti
230 1401 288 1464 per
302 1392 395 1445 testes
409 1383 547 1463 legitime
562 1383 695 1465 probata
712 1382 786 1445 tacit
806 1382 1029 1464 semiplenam,
1044 1383 1077 1444 in

105 1485 236 1565 antiquis
259 1504 335 1547 rere
365 1485 493 1566 plenam
513 1495 543 1546 et
568 1484 809 1547 concludentem
834 1484 1074 1567 probationem,

105 1588 271 1668 praesertim
290 1588 409 1669 junctis
421 1586 640 1660 adminiculis,
659 1595 693 1647 ut
714 1585 843 1647 tradunt
857 1583 1027 1647 canonistae
1042 1584 1076 1645 in

104 1690 231 1770 cuplde
240 1691 351 1771 reliqu.
364 1700 393 1752 et
407 1702 534 1754 uernat.
543 1693 722 1753 Sanctorum
735 1701 766 1753 et
775 1691 855 1753 dixit
866 1689 1031 1752 Simonetti
1043 1690 1076 1751 in

104 1791 253 1853 delatione
266 1792 301 1853 S.
316 1792 473 1853 Franciscr'
483 1794 518 1855 de
529 1794 636 1869 Paula,
653 1793 707 1855 sol.
723 1797 775 1862 31,
788 1802 846 1855 etc.
853 1814 861 1867 3
874 1792 906 1852 in
922 1791 1076 1865 delatione

103 1894 134 1954 S.
147 1895 326 1975 Hyacinthi,
343 1915 412 1977 cap.
430 1903 464 1971 2,
482 1897 535 1960 fol.
552 1903 603 1971 at,
619 1906 692 1972 etc,
710 1898 741 1958 in
757 1898 910 1959 Belatr'oae
925 1898 964 1957 B.
989 1897 1078 1961 Petri

8 2027 9 2030 =
102 1996 302 2058 dedicantem
316 2046 324 2064 ,
340 2008 420 2079 part.
439 2004 474 2073 3,
493 2000 524 2061 in
539 2001 642 2081 primo
656 2009 687 2061 et
701 1999 840 2062 secundo
852 2000 1016 2062 miraculo,

139 2102 366 2163 Testimonium
385 2101 496 2182 synodi
523 2104 692 2184 provinciae
717 2103 924 2177 Gnezncnsis,
960 2102 1077 2165 habitae

103 2222 181 2266 auno
196 2209 296 2282 1628,
312 2204 364 2266 die
378 2210 416 2267 22
436 2207 530 2280 maii,
547 2207 755 2288 praesentibus
769 2207 864 2268 totius
881 2206 969 2286 regni
987 2205 1076 2269 Polo·

101 2307 155 2369 niae
169 2310 326 2391 episcopis
346 2319 378 2372 et
397 2328 508 2372 eorum
520 2312 660 2384 vicariis,
680 2311 735 2372 ubi
748 2312 918 2394 iosaphat,
934 2330 953 2373 a
970 2312 1073 2374 schis-

103 2408 219 2471 maticis
233 2428 292 2492 pro
305 2411 456 2490 religione
470 2411 625 2474 catholica
641 2414 884 2495 interemptum,
905 2422 1076 2495 patronum

102 2510 182 2587 regni
197 2520 386 2592 nuncupat,
412 2520 443 2573 et
459 2513 665 2575 sanctitatem
679 2514 821 2576 Vestram
843 2514 1018 2596 supplicat,
1042 2523 1078 2581 ut

101 2608 242 2689 dignetur
256 2612 289 2672 in
303 2611 492 2675 Sanctorum
507 2633 677 2677 numerum
689 2615 814 2678 referre.

137 2725 192 2785 Tot
220 2724 361 2805 epistolae
389 2726 611 2808 episcoporum
645 2728 856 2791 ruthenorum
887 2728 1076 2791 transmissae

102 2826 366 2890 reverendissimis
388 2830 605 2892 cardinalibus
629 2839 744 2892 sanctae
764 2830 1020 2911 congregationis
1036 2830 1077 2893 de

101 2931 648 3014 propagandafide‚necnoninclytae
657 2933 1072 3013 memoriaeSigismundilll,

100 3030 231 3095 Poloniee
249 3034 348 3113 regis,
365 3042 394 3095 ct
413 3035 619 3097 serenissime
642 3035 847 3109 Constantiae,
872 3034 1009 3098 Poloniae
1027 3053 1074 3096 re-

100 3132 187 3210 ginae,
204 3136 398 3197 serenissimi
414 3136 585 3211 Vladislai,
608 3145 682 3199 tunc
696 3138 867 3219 principis,
884 3136 979 3199 modo
994 3122 1076 3217 regis

100 3234 225 3299 feliciter
239 3240 411 3317 regnantis,
420 3240 455 3300 b.
471 3241 585 3302 Leonis
597 3241 748 3321 Sapieha,
764 3240 894 3322 palatini
904 3241 1072 3316 Vilncnsis,

100 3337 131 3399 b.
154 3340 313 3402 Francisci
340 3341 473 3403 Skumin
498 3342 712 3422 Tyszkievicz,
739 3342 871 3424 palatini
893 3341 1072 3417 Trocensis,

100 3439 131 3500 b.
157 3442 276 3504 Alberti
313 3443 459 3506 Stanislai
488 3443 651 3517 Radzivil,
682 3444 760 3505 sacri
791 3442 923 3505 Romani
950 3442 1075 3524 imperii

101 3544 266 3626 principie,
289 3546 634 3627 supremicancellarii
655 3546 757 3626 Magni
782 3541 919 3608 Ducatus
940 3546 1073 3608 Lithua-

100 3646 171 3719 niac,
189 3656 285 3727 atque
297 3648 393 3709 etiam
412 3648 553 3728 epistolae
570 3649 665 3712 totius
686 3647 877 3728 palatinatus
897 3646 1075 3709 Polocensis

99 3757 127 3808 et
139 3749 365 3823 Vitebscensis,
385 3750 613 3830 archiepiscopi
629 3750 835 3831 metropolitae
852 3750 947 3811 totius
958 3749 1074 3813 Russiae

99 3859 127 3911 et
140 3853 363 3933 episcoporum
376 3852 535 3914 Vilnensis
547 3860 577 3912 ct
593 3851 803 3937 Metlronensis
817 3860 910 3932 atque
923 3852 1073 3913 commis-

99 3958 253 4020 sariorum
268 3959 515 4039 apostolicomm
528 3957 822 4019 diractaeSancutati
828 3958 954 4032 Vestrae,
963 3966 993 4019 et
1005 3958 1075 4021 aliae

99 4058 373 4122 Reverendissimis
387 4062 449 4121 bu.
465 4058 686 4121 cardinalibus
699 4058 865 4121 Francisco
887 4068 917 4120 et
938 4059 1084 4122 Antonio.

99 4161 291 4236 Barberinis‚
309 4163 479 4243 nepotibus
494 4161 524 4221 S.
544 4162 579 4223 V.
606 4161 812 4235 transmissae,
838 4181 947 4225 eorum
972 4161 1074 4223 zelum
