<?xml version="1.0" encoding="UTF-8"?>
<!DOCTYPE html PUBLIC "-//W3C//DTD XHTML 1.0 Transitional//EN"
    "http://www.w3.org/TR/xhtml1/DTD/xhtml1-transitional.dtd">
<html xmlns="http://www.w3.org/1999/xhtml" xml:lang="en" lang="en">
 <head>
  <title>
</title>
<meta http-equiv="Content-Type" content="text/html;charset=utf-8" />
  <meta name='ocr-system' content='tesseract 3.04.00' />
  <meta name='ocr-capabilities' content='ocr_page ocr_carea ocr_par ocr_line ocrx_word'/>
</head>
<body>
  <div class='ocr_page' id='page_1' title='image "./cursusvitetcert00martgoog_0117.png"; bbox 0 0 3259 5484; ppageno 0'>
   <div class='ocr_carea' id='block_1_1' title="bbox 441 660 620 731">
    <p class='ocr_par' dir='ltr' id='par_1_1' title="bbox 441 660 620 731">
     <span class='ocr_line' id='line_1_1' title="bbox 441 660 620 731; baseline -0.006 -16"><span class='ocrx_word' id='word_1_1' title='bbox 441 660 620 731; x_wconf 80' lang='lat'>..93-</span> 
     </span>
    </p>
   </div>
   <div class='ocr_carea' id='block_1_2' title="bbox 51 820 1292 4167">
    <p class='ocr_par' dir='ltr' id='par_1_2' title="bbox 51 820 1287 1138">
     <span class='ocr_line' id='line_1_2' title="bbox 52 820 1287 914; baseline 0.001 -23"><span class='ocrx_word' id='word_1_2' title='bbox 52 821 192 892; x_wconf 84' lang='lat' dir='ltr'>sciverat</span> <span class='ocrx_word' id='word_1_3' title='bbox 201 844 302 892; x_wconf 84' lang='lat' dir='ltr'>saera</span> <span class='ocrx_word' id='word_1_4' title='bbox 314 823 556 893; x_wconf 86' lang='lat' dir='ltr'>illicoonelusa</span> <span class='ocrx_word' id='word_1_5' title='bbox 568 828 833 914; x_wconf 79' lang='lat' dir='ltr'>apparamento,</span> <span class='ocrx_word' id='word_1_6' title='bbox 847 820 890 889; x_wconf 95' lang='lat' dir='ltr'>ad</span> <span class='ocrx_word' id='word_1_7' title='bbox 901 841 1017 889; x_wconf 85' lang='lat' dir='ltr'>arcem</span> <span class='ocrx_word' id='word_1_8' title='bbox 1045 836 1287 909; x_wconf 63' lang='lat' dir='ltr'>amanuensem</span> 
     </span>
     <span class='ocr_line' id='line_1_3' title="bbox 52 900 1202 1023; baseline -0.001 -23"><span class='ocrx_word' id='word_1_9' title='bbox 52 934 127 1001; x_wconf 87' lang='lat' dir='ltr'>sarri</span> <span class='ocrx_word' id='word_1_10' title='bbox 143 935 325 1005; x_wconf 85' lang='lat' dir='ltr'>mandavit</span> <span class='ocrx_word' id='word_1_11' title='bbox 343 958 350 1003; x_wconf 92' lang='lat'>:</span> <span class='ocrx_word' id='word_1_12' title='bbox 368 935 452 1004; x_wconf 93' lang='lat' dir='ltr'>dum</span> <span class='ocrx_word' id='word_1_13' title='bbox 467 956 551 1004; x_wconf 82' lang='lat' dir='ltr'>uero</span> <span class='ocrx_word' id='word_1_14' title='bbox 571 934 686 1003; x_wconf 86' lang='lat' dir='ltr'>locum</span> <span class='ocrx_word' id='word_1_15' title='bbox 700 932 871 1023; x_wconf 83' lang='lat' dir='ltr'>sanguine</span> <span class='ocrx_word' id='word_1_16' title='bbox 891 938 1019 1022; x_wconf 81' lang='lat' dir='ltr'>marty·</span> <span class='ocrx_word' id='word_1_17' title='bbox 1128 900 1202 943; x_wconf 62' lang='lat'>‘&#39;¹¹⁰‘&#39;</span> 
     </span>
     <span class='ocr_line' id='line_1_4' title="bbox 51 1044 1019 1138; baseline 0 -26"><span class='ocrx_word' id='word_1_18' title='bbox 51 1046 94 1114; x_wconf 91' lang='lat' dir='ltr'>ris</span> <span class='ocrx_word' id='word_1_19' title='bbox 108 1046 248 1117; x_wconf 79' lang='lat' dir='ltr'>abunde</span> <span class='ocrx_word' id='word_1_20' title='bbox 261 1068 464 1137; x_wconf 87' lang='lat' dir='ltr'>respersum</span> <span class='ocrx_word' id='word_1_21' title='bbox 481 1046 717 1138; x_wconf 85' lang='lat' dir='ltr'>praeterirent‚</span> <span class='ocrx_word' id='word_1_22' title='bbox 735 1045 823 1115; x_wconf 85' lang='lat' dir='ltr'>cista</span> <span class='ocrx_word' id='word_1_23' title='bbox 840 1044 942 1137; x_wconf 81' lang='lat' dir='ltr'>quasi</span> <span class='ocrx_word' id='word_1_24' title='bbox 955 1044 1019 1112; x_wconf 90' lang='lat' dir='ltr'>im·</span> 
     </span>
    </p>

    <p class='ocr_par' dir='ltr' id='par_1_3' title="bbox 52 1156 1015 1365">
     <span class='ocr_line' id='line_1_5' title="bbox 52 1156 1014 1249; baseline -0.002 -22"><span class='ocrx_word' id='word_1_25' title='bbox 52 1159 179 1249; x_wconf 89' lang='lat' dir='ltr'>pulsae</span> <span class='ocrx_word' id='word_1_26' title='bbox 199 1160 367 1229; x_wconf 90' lang='lat' dir='ltr'>manibus</span> <span class='ocrx_word' id='word_1_27' title='bbox 389 1160 579 1231; x_wconf 87' lang='lat' dir='ltr'>ferentium</span> <span class='ocrx_word' id='word_1_28' title='bbox 612 1159 647 1229; x_wconf 93' lang='lat' dir='ltr'>in</span> <span class='ocrx_word' id='word_1_29' title='bbox 678 1167 809 1230; x_wconf 89' lang='lat' dir='ltr'>terram</span> <span class='ocrx_word' id='word_1_30' title='bbox 826 1156 1014 1249; x_wconf 84' lang='lat' dir='ltr'>profluxit,</span> 
     </span>
     <span class='ocr_line' id='line_1_6' title="bbox 52 1271 1015 1365; baseline -0.004 -26"><span class='ocrx_word' id='word_1_31' title='bbox 52 1279 239 1365; x_wconf 70' lang='lat' dir='ltr'>sponteque</span> <span class='ocrx_word' id='word_1_32' title='bbox 259 1280 382 1364; x_wconf 88' lang='lat' dir='ltr'>aperta</span> <span class='ocrx_word' id='word_1_33' title='bbox 408 1294 516 1364; x_wconf 83' lang='lat' dir='ltr'>super·</span> <span class='ocrx_word' id='word_1_34' title='bbox 540 1272 747 1364; x_wconf 85' lang='lat' dir='ltr'>sanguinem</span> <span class='ocrx_word' id='word_1_35' title='bbox 764 1271 873 1339; x_wconf 86' lang='lat' dir='ltr'>lintea</span> <span class='ocrx_word' id='word_1_36' title='bbox 896 1290 1015 1347; x_wconf 88' lang='lat' dir='ltr'>sacra,</span> 
     </span>
    </p>

    <p class='ocr_par' dir='ltr' id='par_1_4' title="bbox 52 1382 1018 1480">
     <span class='ocr_line' id='line_1_7' title="bbox 52 1382 1018 1480; baseline -0.004 -25"><span class='ocrx_word' id='word_1_37' title='bbox 52 1387 205 1467; x_wconf 81' lang='lat' dir='ltr'>calicem,</span> <span class='ocrx_word' id='word_1_38' title='bbox 221 1388 400 1480; x_wconf 88' lang='lat' dir='ltr'>patinam,</span> <span class='ocrx_word' id='word_1_39' title='bbox 415 1387 556 1457; x_wconf 83' lang='lat' dir='ltr'>stellam</span> <span class='ocrx_word' id='word_1_40' title='bbox 571 1394 756 1457; x_wconf 86' lang='lat' dir='ltr'>etorucem</span> <span class='ocrx_word' id='word_1_41' title='bbox 770 1384 906 1455; x_wconf 84' lang='lat' dir='ltr'>effudit.</span> <span class='ocrx_word' id='word_1_42' title='bbox 922 1382 1018 1453; x_wconf 86' lang='lat' dir='ltr'>Calix</span> 
     </span>
    </p>

    <p class='ocr_par' dir='ltr' id='par_1_5' title="bbox 51 1500 1015 1595">
     <span class='ocr_line' id='line_1_8' title="bbox 51 1500 1015 1595; baseline -0.003 -25"><span class='ocrx_word' id='word_1_43' title='bbox 51 1503 182 1572; x_wconf 79' lang='lat' dir='ltr'>uolutus</span> <span class='ocrx_word' id='word_1_44' title='bbox 203 1502 241 1570; x_wconf 94' lang='lat' dir='ltr'>in</span> <span class='ocrx_word' id='word_1_45' title='bbox 266 1503 455 1595; x_wconf 84' lang='lat' dir='ltr'>sanguine,</span> <span class='ocrx_word' id='word_1_46' title='bbox 478 1504 521 1572; x_wconf 90' lang='lat' dir='ltr'>ad</span> <span class='ocrx_word' id='word_1_47' title='bbox 546 1501 655 1572; x_wconf 85' lang='lat' dir='ltr'>coelos</span> <span class='ocrx_word' id='word_1_48' title='bbox 682 1500 781 1569; x_wconf 87' lang='lat' dir='ltr'>labro</span> <span class='ocrx_word' id='word_1_49' title='bbox 805 1520 1015 1581; x_wconf 82' lang='lat' dir='ltr'>conversus3</span> 
     </span>
    </p>

    <p class='ocr_par' dir='ltr' id='par_1_6' title="bbox 52 1612 1020 1705">
     <span class='ocr_line' id='line_1_9' title="bbox 52 1612 1020 1705; baseline -0.001 -25"><span class='ocrx_word' id='word_1_50' title='bbox 52 1618 168 1682; x_wconf 80' lang='lat' dir='ltr'>catera</span> <span class='ocrx_word' id='word_1_51' title='bbox 187 1622 228 1682; x_wconf 90' lang='lat' dir='ltr'>ut</span> <span class='ocrx_word' id='word_1_52' title='bbox 243 1614 289 1682; x_wconf 91' lang='lat' dir='ltr'>ad</span> <span class='ocrx_word' id='word_1_53' title='bbox 308 1613 450 1683; x_wconf 89' lang='lat' dir='ltr'>missam</span> <span class='ocrx_word' id='word_1_54' title='bbox 467 1612 648 1705; x_wconf 88' lang='lat' dir='ltr'>disposita.</span> <span class='ocrx_word' id='word_1_55' title='bbox 671 1617 842 1681; x_wconf 82' lang='lat' dir='ltr'>Facturus</span> <span class='ocrx_word' id='word_1_56' title='bbox 862 1621 937 1681; x_wconf 91' lang='lat' dir='ltr'>erat</span> <span class='ocrx_word' id='word_1_57' title='bbox 957 1632 1020 1679; x_wconf 90' lang='lat' dir='ltr'>sa-</span> 
     </span>
    </p>

    <p class='ocr_par' dir='ltr' id='par_1_7' title="bbox 52 1723 1019 1816">
     <span class='ocr_line' id='line_1_10' title="bbox 52 1723 1019 1816; baseline 0.002 -27"><span class='ocrx_word' id='word_1_58' title='bbox 52 1744 141 1791; x_wconf 87' lang='lat' dir='ltr'>crum</span> <span class='ocrx_word' id='word_1_59' title='bbox 162 1725 410 1805; x_wconf 87' lang='lat' dir='ltr'>incruentum,</span> <span class='ocrx_word' id='word_1_60' title='bbox 434 1726 500 1794; x_wconf 86' lang='lat' dir='ltr'>hae</span> <span class='ocrx_word' id='word_1_61' title='bbox 525 1724 699 1794; x_wconf 89' lang='lat' dir='ltr'>dominica</span> <span class='ocrx_word' id='word_1_62' title='bbox 712 1723 789 1804; x_wconf 87' lang='lat' dir='ltr'>dic,</span> <span class='ocrx_word' id='word_1_63' title='bbox 817 1745 946 1816; x_wconf 84' lang='lat' dir='ltr'>pompa</span> <span class='ocrx_word' id='word_1_64' title='bbox 965 1744 1019 1793; x_wconf 87' lang='lat' dir='ltr'>so·</span> 
     </span>
    </p>

    <p class='ocr_par' dir='ltr' id='par_1_8' title="bbox 53 1834 1016 1930">
     <span class='ocr_line' id='line_1_11' title="bbox 53 1834 1016 1930; baseline 0.004 -29"><span class='ocrx_word' id='word_1_65' title='bbox 53 1834 149 1905; x_wconf 88' lang='lat' dir='ltr'>lemni</span> <span class='ocrx_word' id='word_1_66' title='bbox 176 1838 329 1930; x_wconf 85' lang='lat' dir='ltr'>praesul,</span> <span class='ocrx_word' id='word_1_67' title='bbox 355 1859 420 1907; x_wconf 87' lang='lat' dir='ltr'>uec</span> <span class='ocrx_word' id='word_1_68' title='bbox 443 1860 554 1906; x_wconf 88' lang='lat' dir='ltr'>caesus</span> <span class='ocrx_word' id='word_1_69' title='bbox 574 1836 702 1929; x_wconf 89' lang='lat' dir='ltr'>potuit.</span> <span class='ocrx_word' id='word_1_70' title='bbox 725 1841 958 1927; x_wconf 85' lang='lat' dir='ltr'>Testatusque</span> <span class='ocrx_word' id='word_1_71' title='bbox 981 1836 1016 1905; x_wconf 93' lang='lat' dir='ltr'>in</span> 
     </span>
    </p>

    <p class='ocr_par' dir='ltr' id='par_1_9' title="bbox 53 1948 1018 2263">
     <span class='ocr_line' id='line_1_12' title="bbox 53 1948 1018 2040; baseline 0.004 -27"><span class='ocrx_word' id='word_1_72' title='bbox 53 1948 212 2040; x_wconf 81' lang='lat' dir='ltr'>sanguine</span> <span class='ocrx_word' id='word_1_73' title='bbox 226 1950 427 2019; x_wconf 77' lang='lat' dir='ltr'>consistens</span> <span class='ocrx_word' id='word_1_74' title='bbox 443 1949 554 2028; x_wconf 84' lang='lat' dir='ltr'>calix,</span> <span class='ocrx_word' id='word_1_75' title='bbox 571 1948 753 2040; x_wconf 89' lang='lat' dir='ltr'>proprium</span> <span class='ocrx_word' id='word_1_76' title='bbox 771 1969 932 2019; x_wconf 86' lang='lat' dir='ltr'>eruorem</span> <span class='ocrx_word' id='word_1_77' title='bbox 948 1953 1018 2017; x_wconf 85' lang='lat' dir='ltr'>Deo</span> 
     </span>
     <span class='ocr_line' id='line_1_13' title="bbox 53 2060 1017 2151; baseline 0.002 -26"><span class='ocrx_word' id='word_1_78' title='bbox 53 2060 232 2148; x_wconf 86' lang='lat' dir='ltr'>praesuiem</span> <span class='ocrx_word' id='word_1_79' title='bbox 264 2060 432 2129; x_wconf 86' lang='lat' dir='ltr'>litavisse.</span> <span class='ocrx_word' id='word_1_80' title='bbox 472 2060 643 2131; x_wconf 84' lang='lat' dir='ltr'>Viderunt</span> <span class='ocrx_word' id='word_1_81' title='bbox 678 2060 876 2151; x_wconf 86' lang='lat' dir='ltr'>prodigium</span> <span class='ocrx_word' id='word_1_82' title='bbox 912 2060 1017 2129; x_wconf 88' lang='lat' dir='ltr'>castri</span> 
     </span>
     <span class='ocr_line' id='line_1_14' title="bbox 54 2171 1017 2263; baseline 0.003 -26"><span class='ocrx_word' id='word_1_83' title='bbox 54 2172 233 2260; x_wconf 84' lang='lat' dir='ltr'>praesides,</span> <span class='ocrx_word' id='word_1_84' title='bbox 255 2195 295 2241; x_wconf 85' lang='lat' dir='ltr'>ao</span> <span class='ocrx_word' id='word_1_85' title='bbox 309 2172 500 2241; x_wconf 88' lang='lat' dir='ltr'>multitudo</span> <span class='ocrx_word' id='word_1_86' title='bbox 522 2172 772 2263; x_wconf 79' lang='lat' dir='ltr'>perfrequens,</span> <span class='ocrx_word' id='word_1_87' title='bbox 793 2171 1017 2263; x_wconf 89' lang='lat' dir='ltr'>multumque</span> 
     </span>
    </p>

    <p class='ocr_par' dir='ltr' id='par_1_10' title="bbox 53 2279 1020 2374">
     <span class='ocr_line' id='line_1_15' title="bbox 53 2279 1020 2374; baseline 0.006 -29"><span class='ocrx_word' id='word_1_88' title='bbox 53 2279 216 2351; x_wconf 87' lang='lat' dir='ltr'>demirati.</span> <span class='ocrx_word' id='word_1_89' title='bbox 249 2283 351 2352; x_wconf 91' lang='lat' dir='ltr'>Nullo</span> <span class='ocrx_word' id='word_1_90' title='bbox 373 2289 492 2351; x_wconf 90' lang='lat' dir='ltr'>autem</span> <span class='ocrx_word' id='word_1_91' title='bbox 516 2303 535 2351; x_wconf 88' lang='lat' dir='ltr'>e</span> <span class='ocrx_word' id='word_1_92' title='bbox 563 2282 656 2351; x_wconf 87' lang='lat' dir='ltr'>clero</span> <span class='ocrx_word' id='word_1_93' title='bbox 680 2289 877 2374; x_wconf 62' lang='lat' dir='ltr'>praesente,</span> <span class='ocrx_word' id='word_1_94' title='bbox 908 2282 1020 2351; x_wconf 88' lang='lat' dir='ltr'>Timo·</span> 
     </span>
    </p>

    <p class='ocr_par' dir='ltr' id='par_1_11' title="bbox 55 2391 1020 2596">
     <span class='ocr_line' id='line_1_16' title="bbox 55 2391 1015 2485; baseline 0.005 -30"><span class='ocrx_word' id='word_1_95' title='bbox 55 2392 147 2460; x_wconf 90' lang='lat' dir='ltr'>theus</span> <span class='ocrx_word' id='word_1_96' title='bbox 159 2391 394 2462; x_wconf 86' lang='lat' dir='ltr'>Czeezerskie</span> <span class='ocrx_word' id='word_1_97' title='bbox 410 2392 584 2461; x_wconf 80' lang='lat' dir='ltr'>famulitio</span> <span class='ocrx_word' id='word_1_98' title='bbox 598 2392 854 2485; x_wconf 88' lang='lat' dir='ltr'>archiepiscopi</span> <span class='ocrx_word' id='word_1_99' title='bbox 870 2392 991 2460; x_wconf 89' lang='lat' dir='ltr'>unitus</span> <span class='ocrx_word' id='word_1_100' title='bbox 1006 2445 1015 2472; x_wconf 93' lang='lat'>,</span> 
     </span>
     <span class='ocr_line' id='line_1_17' title="bbox 55 2504 1020 2596; baseline 0.005 -30"><span class='ocrx_word' id='word_1_101' title='bbox 55 2504 290 2573; x_wconf 87' lang='lat' dir='ltr'>tremebundis</span> <span class='ocrx_word' id='word_1_102' title='bbox 322 2504 507 2584; x_wconf 89' lang='lat' dir='ltr'>manibus,</span> <span class='ocrx_word' id='word_1_103' title='bbox 540 2504 809 2596; x_wconf 84' lang='lat' dir='ltr'>sanguinolenta</span> <span class='ocrx_word' id='word_1_104' title='bbox 841 2504 949 2573; x_wconf 89' lang='lat' dir='ltr'>lintea</span> <span class='ocrx_word' id='word_1_105' title='bbox 983 2510 1020 2573; x_wconf 88' lang='lat' dir='ltr'>et</span> 
     </span>
    </p>

    <p class='ocr_par' dir='ltr' id='par_1_12' title="bbox 55 2604 1097 2709">
     <span class='ocr_line' id='line_1_18' title="bbox 55 2604 1097 2709; baseline 0.006 -30"><span class='ocrx_word' id='word_1_106' title='bbox 55 2635 127 2682; x_wconf 81' lang='lat' dir='ltr'>rasa</span> <span class='ocrx_word' id='word_1_107' title='bbox 147 2616 262 2686; x_wconf 89' lang='lat' dir='ltr'>eidem</span> <span class='ocrx_word' id='word_1_108' title='bbox 282 2617 450 2687; x_wconf 89' lang='lat' dir='ltr'>decenter</span> <span class='ocrx_word' id='word_1_109' title='bbox 471 2616 639 2709; x_wconf 91' lang='lat' dir='ltr'>imposuit</span> <span class='ocrx_word' id='word_1_110' title='bbox 650 2617 769 2697; x_wconf 83' lang='lat' dir='ltr'>cistae,</span> <span class='ocrx_word' id='word_1_111' title='bbox 789 2638 871 2709; x_wconf 84' lang='lat' dir='ltr'>quae</span> <span class='ocrx_word' id='word_1_112' title='bbox 890 2616 1019 2686; x_wconf 92' lang='lat' dir='ltr'>deinde</span> <span class='ocrx_word' id='word_1_113' title='bbox 1094 2604 1097 2610; x_wconf 43' lang='lat'><strong>¹</strong></span> 
     </span>
    </p>

    <p class='ocr_par' dir='ltr' id='par_1_13' title="bbox 57 2722 516 2819">
     <span class='ocr_line' id='line_1_19' title="bbox 57 2722 516 2819; baseline 0.015 -31"><span class='ocrx_word' id='word_1_114' title='bbox 57 2722 86 2790; x_wconf 86' lang='lat' dir='ltr'>in</span> <span class='ocrx_word' id='word_1_115' title='bbox 100 2726 186 2795; x_wconf 86' lang='lat' dir='ltr'>arcis</span> <span class='ocrx_word' id='word_1_116' title='bbox 200 2727 377 2819; x_wconf 85' lang='lat' dir='ltr'>templum</span> <span class='ocrx_word' id='word_1_117' title='bbox 388 2728 516 2797; x_wconf 89' lang='lat' dir='ltr'>delata.</span> 
     </span>
    </p>

    <p class='ocr_par' dir='ltr' id='par_1_14' title="bbox 54 2839 1292 4167">
     <span class='ocr_line' id='line_1_20' title="bbox 92 2839 1291 2957; baseline 0 -52"><span class='ocrx_word' id='word_1_118' title='bbox 92 2839 167 2908; x_wconf 87' lang='lat' dir='ltr'>Visa</span> <span class='ocrx_word' id='word_1_119' title='bbox 191 2841 302 2910; x_wconf 87' lang='lat' dir='ltr'>etiam</span> <span class='ocrx_word' id='word_1_120' title='bbox 327 2841 449 2910; x_wconf 88' lang='lat' dir='ltr'>eadem</span> <span class='ocrx_word' id='word_1_121' title='bbox 477 2841 533 2911; x_wconf 90' lang='lat' dir='ltr'>die</span> <span class='ocrx_word' id='word_1_122' title='bbox 561 2863 581 2909; x_wconf 94' lang='lat' dir='ltr'>a</span> <span class='ocrx_word' id='word_1_123' title='bbox 610 2840 773 2932; x_wconf 90' lang='lat' dir='ltr'>plurimis</span> <span class='ocrx_word' id='word_1_124' title='bbox 795 2840 943 2911; x_wconf 83' lang='lat' dir='ltr'>Poloeiae</span> <span class='ocrx_word' id='word_1_125' title='bbox 964 2861 1019 2909; x_wconf 89' lang='lat' dir='ltr'>eo-</span> <span class='ocrx_word' id='word_1_126' title='bbox 1045 2850 1291 2957; x_wconf 45' lang='lat' dir='ltr'>cotuunssirneapurer</span> 
     </span>
     <span class='ocr_line' id='line_1_21' title="bbox 56 2916 1262 3044; baseline 0.007 -33"><span class='ocrx_word' id='word_1_127' title='bbox 56 2944 162 3018; x_wconf 88' lang='lat' dir='ltr'>lomna</span> <span class='ocrx_word' id='word_1_128' title='bbox 175 2950 282 3043; x_wconf 83' lang='lat' dir='ltr'>ignea</span> <span class='ocrx_word' id='word_1_129' title='bbox 294 2950 627 3043; x_wconf 85' lang='lat' dir='ltr'>superVitebscnm,</span> <span class='ocrx_word' id='word_1_130' title='bbox 643 2957 719 3021; x_wconf 90' lang='lat' dir='ltr'>esto</span> <span class='ocrx_word' id='word_1_131' title='bbox 730 2951 853 3044; x_wconf 83' lang='lat' dir='ltr'>viginti</span> <span class='ocrx_word' id='word_1_132' title='bbox 865 2959 1018 3042; x_wconf 88' lang='lat' dir='ltr'>quatuor</span> <span class='ocrx_word' id='word_1_133' title='bbox 1079 2916 1127 2957; x_wconf 53' lang='lat' dir='ltr'>vm</span> <span class='ocrx_word' id='word_1_134' title='bbox 1143 2925 1262 2957; x_wconf 55' lang='lat' dir='ltr'>mmm</span> 
     </span>
     <span class='ocr_line' id='line_1_22' title="bbox 55 3058 1018 3153; baseline 0.004 -29"><span class='ocrx_word' id='word_1_135' title='bbox 55 3058 190 3131; x_wconf 87' lang='lat' dir='ltr'>distaret</span> <span class='ocrx_word' id='word_1_136' title='bbox 205 3061 341 3132; x_wconf 85' lang='lat' dir='ltr'>leucis:</span> <span class='ocrx_word' id='word_1_137' title='bbox 366 3068 405 3130; x_wconf 94' lang='lat' dir='ltr'>ut</span> <span class='ocrx_word' id='word_1_138' title='bbox 427 3062 630 3142; x_wconf 87' lang='lat' dir='ltr'>denotaret,</span> <span class='ocrx_word' id='word_1_139' title='bbox 658 3062 843 3153; x_wconf 86' lang='lat' dir='ltr'>protritam</span> <span class='ocrx_word' id='word_1_140' title='bbox 864 3061 1018 3131; x_wconf 84' lang='lat' dir='ltr'>Vitebsei</span> 
     </span>
     <span class='ocr_line' id='line_1_23' title="bbox 55 3174 1019 3244; baseline 0.004 -7"><span class='ocrx_word' id='word_1_141' title='bbox 55 3174 225 3243; x_wconf 84' lang='lat' dir='ltr'>ardentem</span> <span class='ocrx_word' id='word_1_142' title='bbox 267 3174 432 3243; x_wconf 83' lang='lat' dir='ltr'>Ecclesiae</span> <span class='ocrx_word' id='word_1_143' title='bbox 473 3174 671 3243; x_wconf 85' lang='lat' dir='ltr'>columnam</span> <span class='ocrx_word' id='word_1_144' title='bbox 707 3174 816 3244; x_wconf 83' lang='lat' dir='ltr'>coelos</span> <span class='ocrx_word' id='word_1_145' title='bbox 854 3193 1019 3242; x_wconf 85' lang='lat' dir='ltr'>conscen-</span> 
     </span>
     <span class='ocr_line' id='line_1_24' title="bbox 55 3280 1015 3366; baseline 0.008 -20"><span class='ocrx_word' id='word_1_146' title='bbox 55 3280 149 3353; x_wconf 87' lang='lat' dir='ltr'>disse.</span> <span class='ocrx_word' id='word_1_147' title='bbox 163 3290 200 3355; x_wconf 92' lang='lat' dir='ltr'>ln</span> <span class='ocrx_word' id='word_1_148' title='bbox 214 3285 340 3355; x_wconf 89' lang='lat' dir='ltr'>eadem</span> <span class='ocrx_word' id='word_1_149' title='bbox 356 3284 444 3354; x_wconf 91' lang='lat' dir='ltr'>urbe</span> <span class='ocrx_word' id='word_1_150' title='bbox 456 3286 636 3355; x_wconf 88' lang='lat' dir='ltr'>Polocensi</span> <span class='ocrx_word' id='word_1_151' title='bbox 651 3285 848 3355; x_wconf 84' lang='lat' dir='ltr'>infantulus</span> <span class='ocrx_word' id='word_1_152' title='bbox 863 3286 1015 3366; x_wconf 87' lang='lat' dir='ltr'>Simeon,</span> 
     </span>
     <span class='ocr_line' id='line_1_25' title="bbox 54 3395 1018 3483; baseline 0.004 -22"><span class='ocrx_word' id='word_1_153' title='bbox 54 3395 108 3483; x_wconf 90' lang='lat' dir='ltr'>qui</span> <span class='ocrx_word' id='word_1_154' title='bbox 130 3418 194 3466; x_wconf 86' lang='lat' dir='ltr'>nee</span> <span class='ocrx_word' id='word_1_155' title='bbox 211 3398 304 3467; x_wconf 88' lang='lat' dir='ltr'>duos</span> <span class='ocrx_word' id='word_1_156' title='bbox 325 3402 525 3466; x_wconf 83' lang='lat' dir='ltr'>excesserat</span> <span class='ocrx_word' id='word_1_157' title='bbox 548 3417 679 3477; x_wconf 89' lang='lat' dir='ltr'>annos,</span> <span class='ocrx_word' id='word_1_158' title='bbox 707 3396 874 3465; x_wconf 88' lang='lat' dir='ltr'>Dorothei</span> <span class='ocrx_word' id='word_1_159' title='bbox 892 3397 1018 3465; x_wconf 75' lang='lat' dir='ltr'>Achra·</span> 
     </span>
     <span class='ocr_line' id='line_1_26' title="bbox 54 3505 1017 3598; baseline 0.004 -29"><span class='ocrx_word' id='word_1_160' title='bbox 54 3506 185 3587; x_wconf 86' lang='lat' dir='ltr'>movicz,</span> <span class='ocrx_word' id='word_1_161' title='bbox 199 3506 268 3577; x_wconf 84' lang='lat' dir='ltr'>viri</span> <span class='ocrx_word' id='word_1_162' title='bbox 279 3506 474 3576; x_wconf 84' lang='lat' dir='ltr'>consularis</span> <span class='ocrx_word' id='word_1_163' title='bbox 490 3512 527 3575; x_wconf 91' lang='lat' dir='ltr'>et</span> <span class='ocrx_word' id='word_1_164' title='bbox 541 3505 672 3598; x_wconf 84' lang='lat' dir='ltr'>egregii</span> <span class='ocrx_word' id='word_1_165' title='bbox 693 3505 800 3586; x_wconf 91' lang='lat' dir='ltr'>uniti,</span> <span class='ocrx_word' id='word_1_166' title='bbox 817 3506 959 3585; x_wconf 83' lang='lat' dir='ltr'>filiolus,</span> <span class='ocrx_word' id='word_1_167' title='bbox 981 3506 1017 3573; x_wconf 92' lang='lat' dir='ltr'>in</span> 
     </span>
     <span class='ocr_line' id='line_1_27' title="bbox 54 3616 1015 3710; baseline 0.007 -30"><span class='ocrx_word' id='word_1_168' title='bbox 54 3618 237 3687; x_wconf 87' lang='lat' dir='ltr'>crastinum</span> <span class='ocrx_word' id='word_1_169' title='bbox 255 3617 380 3687; x_wconf 90' lang='lat' dir='ltr'>mortis</span> <span class='ocrx_word' id='word_1_170' title='bbox 392 3616 463 3685; x_wconf 85' lang='lat' dir='ltr'>divi</span> <span class='ocrx_word' id='word_1_171' title='bbox 474 3620 643 3710; x_wconf 89' lang='lat' dir='ltr'>Josaphat</span> <span class='ocrx_word' id='word_1_172' title='bbox 656 3620 699 3688; x_wconf 89' lang='lat' dir='ltr'>de</span> <span class='ocrx_word' id='word_1_173' title='bbox 722 3640 846 3687; x_wconf 93' lang='lat' dir='ltr'>somno</span> <span class='ocrx_word' id='word_1_174' title='bbox 862 3619 1015 3699; x_wconf 84' lang='lat' dir='ltr'>excitus,</span> 
     </span>
     <span class='ocr_line' id='line_1_28' title="bbox 54 3730 1292 3823; baseline 0.004 -30"><span class='ocrx_word' id='word_1_175' title='bbox 54 3731 253 3815; x_wconf 89' lang='lat' dir='ltr'>parentibus</span> <span class='ocrx_word' id='word_1_176' title='bbox 268 3739 304 3800; x_wconf 89' lang='lat' dir='ltr'>et</span> <span class='ocrx_word' id='word_1_177' title='bbox 318 3730 450 3799; x_wconf 75' lang='lat' dir='ltr'>familia</span> <span class='ocrx_word' id='word_1_178' title='bbox 465 3731 657 3800; x_wconf 88' lang='lat' dir='ltr'>domestica</span> <span class='ocrx_word' id='word_1_179' title='bbox 673 3733 856 3811; x_wconf 88' lang='lat' dir='ltr'>adstante,</span> <span class='ocrx_word' id='word_1_180' title='bbox 882 3737 1019 3823; x_wconf 88' lang='lat' dir='ltr'>patrem</span> <span class='ocrx_word' id='word_1_181' title='bbox 1046 3746 1117 3819; x_wconf 69' lang='lat' dir='ltr'>urus</span> <span class='ocrx_word' id='word_1_182' title='bbox 1138 3747 1230 3790; x_wconf 68' lang='lat' dir='ltr'>occisum</span> <span class='ocrx_word' id='word_1_183' title='bbox 1252 3746 1292 3790; x_wconf 75' lang='lat' dir='ltr'>de·</span> 
     </span>
     <span class='ocr_line' id='line_1_29' title="bbox 54 3809 1289 3936; baseline 0.007 -34"><span class='ocrx_word' id='word_1_184' title='bbox 54 3841 229 3912; x_wconf 86' lang='lat' dir='ltr'>nominans</span> <span class='ocrx_word' id='word_1_185' title='bbox 249 3841 503 3934; x_wconf 87' lang='lat' dir='ltr'>proclamavit:</span> <span class='ocrx_word' id='word_1_186' title='bbox 522 3844 675 3913; x_wconf 86' lang='lat' dir='ltr'>occisum</span> <span class='ocrx_word' id='word_1_187' title='bbox 700 3845 885 3936; x_wconf 88' lang='lat' dir='ltr'>Josaphat,</span> <span class='ocrx_word' id='word_1_188' title='bbox 913 3866 1017 3935; x_wconf 89' lang='lat' dir='ltr'>quern</span> <span class='ocrx_word' id='word_1_189' title='bbox 1046 3809 1289 3864; x_wconf 60' lang='lat' dir='ltr'>⁰⁰³⁰¹⁸⁸³⁰⁵&#39;⁹h⁸⁸¹¹m&#39;</span> 
     </span>
     <span class='ocr_line' id='line_1_30' title="bbox 54 3948 1019 4047; baseline 0.009 -33"><span class='ocrx_word' id='word_1_190' title='bbox 54 3948 152 4019; x_wconf 87' lang='lat' dir='ltr'>Deum</span> <span class='ocrx_word' id='word_1_191' title='bbox 162 3953 341 4047; x_wconf 77' lang='lat' dir='ltr'>imperita,</span> <span class='ocrx_word' id='word_1_192' title='bbox 359 3954 420 4023; x_wconf 90' lang='lat' dir='ltr'>sed</span> <span class='ocrx_word' id='word_1_193' title='bbox 432 3952 611 4027; x_wconf 85' lang='lat' dir='ltr'>innocenti</span> <span class='ocrx_word' id='word_1_194' title='bbox 625 3977 709 4025; x_wconf 81' lang='lat' dir='ltr'>uoce</span> <span class='ocrx_word' id='word_1_195' title='bbox 725 3953 935 4046; x_wconf 88' lang='lat' dir='ltr'>appellavit;</span> <span class='ocrx_word' id='word_1_196' title='bbox 954 3960 1019 4023; x_wconf 91' lang='lat' dir='ltr'>eta</span> 
     </span>
     <span class='ocr_line' id='line_1_31' title="bbox 55 4065 1016 4167; baseline 0.007 -39"><span class='ocrx_word' id='word_1_197' title='bbox 55 4065 242 4156; x_wconf 77' lang='lat' dir='ltr'>stupefacto</span> <span class='ocrx_word' id='word_1_198' title='bbox 257 4065 427 4157; x_wconf 82' lang='lat' dir='ltr'>quaesitus</span> <span class='ocrx_word' id='word_1_199' title='bbox 446 4074 609 4167; x_wconf 86' lang='lat' dir='ltr'>parente,</span> <span class='ocrx_word' id='word_1_200' title='bbox 627 4067 709 4158; x_wconf 91' lang='lat' dir='ltr'>quis</span> <span class='ocrx_word' id='word_1_201' title='bbox 726 4071 820 4137; x_wconf 90' lang='lat' dir='ltr'>esset</span> <span class='ocrx_word' id='word_1_202' title='bbox 833 4065 892 4137; x_wconf 91' lang='lat' dir='ltr'>ille</span> <span class='ocrx_word' id='word_1_203' title='bbox 908 4069 1016 4147; x_wconf 86' lang='lat' dir='ltr'>Deus,</span> 
     </span>
    </p>
   </div>
   <div class='ocr_carea' id='block_1_3' title="bbox 0 0 1637 5484">
    <p class='ocr_par' dir='ltr' id='par_1_15' title="bbox 0 0 1637 5484">
     <span class='ocr_line' id='line_1_32' title="bbox 0 0 1637 5484; baseline 0 0"><span class='ocrx_word' id='word_1_204' title='bbox 0 0 1637 5484; x_wconf 95' lang='lat' dir='ltr'> </span> 
     </span>
    </p>
   </div>
  </div>
 </body>
</html>
