3259 5484
431 704 657 777 ...67-

91 861 215 933 bonnm
241 866 279 932 in
317 866 420 933 domo
449 886 513 933 suo
535 863 771 933 commanenti
796 861 980 955 prolocuta
1006 858 1053 928 sit

88 976 241 1045 verbum.
264 981 306 1045 Et
325 998 404 1045 cum
425 977 480 1058 ei,
499 977 663 1069 pluribus
684 984 764 1069 post
782 978 853 1043 tata
871 973 1051 1067 tosaphati

87 1085 261 1155 miraculis
285 1087 549 1158 inclarescentis
579 1088 699 1167 annis,
739 1089 855 1157 deleta
884 1108 904 1155 a
929 1087 1053 1157 Moscis

87 1197 237 1278 Polocia,
265 1198 301 1265 in
325 1199 484 1268 aulasua
506 1199 679 1268 Antonius
698 1199 846 1279 Sictava,
872 1197 1052 1290 Josaphati

88 1331 281 1391 successor,
305 1311 421 1380 locum
441 1311 670 1380 habitationis
691 1312 734 1380 ad
755 1306 862 1380 breve
881 1310 1053 1380 destinas-

86 1425 137 1489 set
148 1427 289 1513 tempus
305 1446 313 1490 ε
330 1422 392 1490 illa
404 1422 533 1490 ituram
550 1444 588 1491 se
599 1424 643 1491 ad
658 1444 775 1492 arcem
790 1420 948 1515 pollicita
958 1420 1054 1508 (aula

85 1533 224 1603 enimet
239 1536 406 1605 cathedra
420 1536 455 1603 in
471 1540 576 1624 arce),
595 1536 657 1605 sed
666 1537 708 1604 ad
717 1536 946 1627 sepulchrum
960 1538 1055 1603 tosa·
1117 1542 1292 1600 rotumum.

85 1646 166 1737 phat
176 1668 248 1716 non
261 1646 404 1717 ituram.
420 1652 494 1717 Non
509 1649 572 1718 ivit
585 1670 681 1728 sane,
696 1648 779 1740 quia
794 1669 910 1740 neque
921 1648 1050 1741 potuit,

86 1755 178 1827 brevi
198 1759 387 1850 aquodam
408 1759 519 1829 milite
539 1781 622 1829 casu
645 1760 680 1827 in
700 1761 789 1851 pede
809 1760 968 1851 trajecta.
993 1762 1056 1829 Ne·

84 1889 149 1957 que
173 1869 290 1936 solum
315 1869 515 1961 gaudebant
539 1869 754 1950 refractarii,
779 1870 931 1961 pastoris
954 1870 1054 1940 obse·

84 1979 204 2069 quium
215 1981 430 2061 detrectare,
445 2004 568 2051 verum
584 1982 690 2051 etiam
704 1982 740 2049 in
755 1982 1052 2073 processionibus

84 2094 421 2175 conversationibus,
435 2095 577 2163 acribus
591 2115 672 2164 cum
684 2096 860 2165 incessere
873 2094 1051 2164 conviciis.

82 2205 145 2272 itlii
166 2228 252 2275 vero
275 2207 389 2298 legem
418 2207 584 2300 implesse
611 2207 679 2275 sibi
712 2206 945 2286 videbantur,
975 2229 1054 2275 cum

84 2317 215 2398 lutum,
252 2317 407 2410 lapides,
440 2341 592 2411 sparos,
629 2322 664 2387 in
698 2341 800 2400 eum,
843 2320 878 2387 in
918 2320 1052 2389 clerum

82 2430 361 2523 comitatumque
401 2432 478 2524 ejus
504 2432 729 2524 projicerent.
775 2434 940 2525 Adeoque
980 2454 1057 2522 gra-

80 2541 169 2610 viter
195 2542 372 2612 insontem
394 2543 661 2612 insectabantur
685 2544 893 2634 praesulem,
921 2551 960 2612 nt
986 2543 1058 2612 ite-

80 2674 158 2719 rum
184 2653 387 2744 iterumque
406 2653 489 2723 vitae
508 2654 586 2745 ejus
604 2654 816 2734 machinari,
835 2654 940 2722 etiam
963 2652 1058 2722 Polo·

82 2762 155 2845 ciae,
185 2787 259 2833 non
286 2764 495 2834 dubitarint.
529 2765 657 2835 consul
680 2766 824 2857 quidam
856 2765 1054 2835 inauditum
1084 2776 1205 2851 saeuique,
1225 2776 1328 2865 unu·-

82 2896 190 2945 ausus
213 2878 372 2957 facinus,
401 2900 480 2946 cum
504 2878 656 2949 infantes
679 2878 894 2970 baptizaret,
922 2877 1054 2969 simpli·
1124 2846 1158 2883 ⁸¹⁰¹
1172 2839 1288 2895 mum

81 2988 172 3057 cium
217 2990 457 3061 confessiones
491 2990 695 3083 exciperet,
734 2990 873 3082 aliaque
915 2986 1057 3057 infanda

81 3106 287 3174 attentaret.
319 3108 431 3173 Fuere
465 3102 527 3194 qui
559 3103 726 3195 parvulos
756 3102 891 3193 absque
920 3100 1057 3169 lavacro

80 3223 216 3296 sancto,
240 3223 276 3285 et
298 3237 422 3307 aegros,
445 3215 529 3283 licet
547 3214 775 3306 presbyteros
790 3213 909 3282 unitos
924 3211 1058 3280 deside-

79 3327 206 3407 rarint,
226 3327 361 3420 absque
373 3326 592 3419 poenitentiae
608 3332 827 3394 sacramento
842 3322 953 3393 ernori
968 3322 1059 3391 sine·

79 3444 182 3515 rent,
231 3456 275 3503 nc
320 3436 500 3503 unitorum
536 3432 709 3524 obsequio
746 3436 932 3500 uterentur
967 3452 974 3496 :
1014 3449 1059 3497 ex

79 3546 246 3613 doctrina
268 3544 433 3615 videlicet
470 3544 665 3636 insignium
697 3541 827 3612 eruditi
859 3541 1059 3610 schismatis

78 3671 289 3753 pastorum,
322 3661 383 3753 qui
408 3669 531 3754 aperto
558 3682 676 3729 coram
701 3659 802 3738 coelo,
828 3664 889 3727 aut
907 3657 1059 3750 simplici

77 3778 240 3856 homini,
261 3785 324 3846 aut
339 3777 455 3845 surdae
471 3775 610 3855 arbori,
628 3772 788 3843 confiteri
802 3773 934 3864 potius
953 3794 1056 3865 quam

73 3889 181 3959 'unito
193 3888 377 3979 latinoque
394 3886 591 3965 sacerdoti,
614 3886 841 3977 persuadent.

120 4012 320 4078 accurrere
331 4008 436 4077 etiam
448 4030 518 4077 non
528 4009 734 4078 Potocenses
746 4008 871 4088 solum,
882 4006 943 4075 sed
954 4004 1059 4075 etiam
1085 4022 1252 4067 Aesimum
1265 4019 1330 4063 sou-

80 4120 333 4192 Vitebscenses
355 4126 390 4188 et
407 4119 466 4187 alii
482 4120 526 4188 ad
539 4120 654 4188 aulam
669 4118 858 4210 principis,
875 4136 915 4185 ae
930 4115 1060 4185 dolosis
1114 4088 1164 4142 p„
1181 4084 1302 4129 ΜΝ·
