3259 5484
944 1217 987 1263 DE
1026 1218 1234 1263 llllhllllLlS.

986 1482 1188 1493 ...——---

647 1795 761 1884 lique
776 1791 931 1884 primum
956 1792 1051 1883 quod
1071 1790 1343 1859 invalescentem
1357 1794 1554 1880 promoveret

603 1902 831 1983 cultum‚luit
842 1902 1063 1972 miraculum.

331 2053 576 2124 ³“⁸¹'''¹.‘¹’⁰‘¹¹¹¹⁰‘¹⁶⁰¹
648 2016 680 2083 1.
706 2014 829 2084 Statim
847 2036 887 2082 ae
910 2014 953 2083 de
975 2020 1087 2083 morte
1113 2012 1203 2083 servi
1229 2012 1289 2081 Dei
1313 2011 1457 2081 Poloeiae
1472 2009 1555 2077 incla-

409 2113 498 2157 νων.

355 3367 428 3411 Cacus
438 3367 546 3423 prospicit.

602 2125 692 2205 ruit,
718 2124 899 2216 campanis
925 2124 961 2193 in
988 2125 1146 2195 ecclesiis
1171 2124 1360 2203 universis,
1388 2124 1515 2191 oriente
1531 2126 1556 2188 et

602 2231 749 2301 cadente
768 2232 860 2311 sole,
879 2254 942 2323 per
956 2232 1091 2323 aliquot
1110 2253 1217 2323 supra
1232 2232 1353 2300 decem
1374 2231 1449 2300 dies
1463 2229 1558 2321 pulsa·

604 2343 729 2423 batur,
755 2343 923 2435 visusque
949 2346 1117 2436 Josaphat
1142 2348 1309 2414 aloanne
1336 2341 1554 2417 Dziahileviu,

602 2453 740 2523 notario
759 2453 958 2534 Polocensi‚
973 2453 1092 2545 jurato
1114 2453 1150 2522 in
1172 2475 1339 2546 processu
1352 2458 1455 2533 teste,
1473 2471 1558 2542 super

601 2564 749 2634 ecelesia
774 2558 986 2644 cathedrali,
1014 2566 1050 2632 in
1079 2586 1142 2633 sua
1168 2563 1361 2633 consistere
1400 2582 1555 2654 persona:

602 2678 719 2745 forsan
735 2676 925 2769 utvigilem
943 2698 979 2746 se
991 2679 1172 2746 custodem
1183 2675 1285 2746 ovilis
1296 2676 1437 2755 Christi,
1454 2678 1559 2765 etpost

605 2790 677 2857 lata
691 2795 916 2859 monstraret.

645 2899 678 2967 ἓ.
704 2905 829 2970 Petrus
844 2901 1056 2981 Dankovski,
1075 2902 1261 2995 proconsul
1274 2900 1481 2979 Poloeensis
1493 2919 1558 2990 per-

601 3010 698 3101 gravi
720 3012 906 3081 oculorum
930 3034 1077 3105 pressus
1094 3011 1214 3081 dolore
1234 3010 1428 3080 eaeeitatem
1443 3013 1559 3078 eontrau

603 3120 667 3201 xit,
684 3128 720 3190 et
735 3122 848 3192 multo
868 3128 1026 3215 tempore
1042 3123 1130 3191 nihil
1146 3123 1287 3216 penitus
1314 3123 1434 3193 videre
1446 3120 1557 3214 potuit.

601 3232 747 3315 Quando
773 3255 902 3327 corpus
937 3236 1101 3327 martyris
1138 3235 1311 3305 Polociam
1343 3236 1498 3306 illatum.
1529 3252 1558 3297 se

601 3346 718 3438 ipsum
742 3347 785 3415 ad
820 3348 1003 3416 ecclesiam
1040 3347 1121 3417 duci
1148 3348 1338 3416 mandavit.
1370 3352 1408 3417 ln
1437 3368 1501 3439 qua
1526 3342 1561 3411 ad

600 3458 735 3550 lapides
763 3465 800 3528 et
834 3458 987 3528 cilicium
1007 3460 1172 3551 martyris
1205 3458 1440 3539 constitutus,
1474 3454 1561 3524 llexis

601 3570 837 3661 patrocinium
856 3570 921 3640 viri
943 3572 1004 3641 uei
1023 3571 1136 3640 oravit
1149 3571 1300 3663 genibus
1318 3594 1325 3638 :
1342 3577 1560 3663 porrectoque

602 3680 669 3749 sibi
692 3704 712 3749 a
737 3684 890 3774 quodem
917 3706 936 3753 e
959 3684 1053 3753 clero
1087 3683 1217 3767 cilicio,
1246 3685 1367 3752 oculos
1392 3681 1559 3757 abstersit,

601 3792 842 3884 applicuitque
877 3793 1072 3885 lapidibus,
1106 3793 1305 3863 ridentibus
1329 3791 1559 3869 schismaticis,

600 3904 736 4001 lapides
760 3927 841 3974 eum
868 3906 1017 3974 delirum
1044 3907 1202 3975 adorare.
1233 3909 1302 3975 Neo
1327 3905 1482 3983 curavit,
1510 3902 1560 3971 sed

600 4016 731 4087 iterum
742 4016 943 4108 iterumque
953 4016 1130 4097 abstersit,
1141 4024 1176 4086 et
1189 4016 1450 4086 multitudinem
1464 4013 1561 4085 homi-

599 4127 1045 4221 numrepenteconspexit.
1058 4132 1151 4209 Post,
1161 4126 1482 4197 conlusislieolesiae
1492 4128 1561 4195 hos-
