3259 5484
424 724 603 795 ..59-

38 902 109 948 cum
130 901 199 949 non
223 881 381 972 potuerit
396 881 472 951 lieri
486 882 600 964 aliter,
626 883 782 975 gladium
797 882 833 951 in
848 882 1000 954 rebelles

38 993 171 1061 strinxit
198 993 412 1085 respublica.
442 998 615 1063 Caeterum
645 994 763 1063 divina
790 994 999 1086 disponente
1097 1018 1207 1063 cusu.

37 1129 145 1186 manu,
173 1129 256 1175 cum
281 1106 341 1175 alii
364 1110 575 1175 Cosacorum
604 1127 668 1198 per
694 1105 825 1186 maria,
853 1105 911 1174 alii
936 1126 1001 1198 per

37 1220 213 1289 Ukrainam
232 1223 467 1310 vagarentur,
487 1217 608 1286 Polcni
623 1217 760 1286 modico
774 1216 886 1287 milite
912 1238 1000 1307 prae·

35 1335 155 1401 claram
172 1335 217 1403 de
234 1331 430 1401 rebellibus
441 1331 555 1400 tulere
571 1329 772 1412 victoriam3
789 1351 897 1421 quam
914 1350 1001 1397 san-

34 1444 123 1534 guini
136 1446 318 1536 iosaphat,
338 1464 460 1514 recens
473 1449 549 1511 tum
564 1442 659 1522 caesi,
678 1463 829 1533 magnus
844 1441 898 1510 vir
918 1444 1001 1510 Rut-

34 1556 118 1623 scius
130 1556 285 1626 adscribi
298 1556 422 1625 voluit,

71 1669 133 1737 Sed
142 1668 270 1737 altiora
281 1671 414 1758 repeto.
427 1668 555 1737 Omnes
564 1665 615 1733 illl
623 1664 760 1735 noviler
772 1665 881 1735 creati
892 1664 1000 1735 schis-

33 1781 233 1849 maticorum
279 1778 435 1870 episcopi
485 1778 666 1846 unitorum
708 1777 880 1847 dioeceses
925 1778 999 1847 suis
1027 1800 1126 1873 epicopi
1143 1801 1270 1845 emmam

33 1892 216 1982 plurimum
244 1892 434 1961 turbavere
478 1890 634 1972 artibus,
669 1913 872 1983 ovesquea
906 1891 999 1961 veris
1053 1862 1272 1969 iiiiffissibi'i'

32 2005 227 2094 pastoribus
250 2004 424 2074 avulsere.
444 2008 486 2073 Et
507 2004 732 2096 potissimum
756 2004 995 2082 SmotrisciuS,
1053 1986 1254 2043 ⁶¹⁰⁸³⁰⁸⁸Ph⁸¹ffl¹¹¹

32 2118 86 2207 qui
100 2125 139 2187 ut
158 2118 278 2187 zelum
297 2138 399 2185 suum
425 2116 620 2186 orthodoxo
637 2118 804 2210 probaret
824 2117 1001 2186 schisma-

32 2228 73 2306 ti,
101 2228 272 2321 epistolas
303 2229 339 2296 in
373 2228 677 2321 archiepiscopatu
710 2229 891 2299 Polocensi
937 2251 1000 2320 per

32 2341 211 2428 quemdam
222 2339 453 2431 sylvestrum,
464 2340 675 2408 monachum
687 2340 892 2433 sociumque
908 2340 995 2430 ejus,

31 2472 65 2519 ac
78 2453 236 2544 ejusdem
257 2458 363 2521 sectae
379 2452 621 2544 presbyteros,
639 2452 741 2544 longe
757 2453 900 2543 lateque
920 2452 999 2521 dis-

31 2564 142 2651 persit.
152 2568 246 2633 Usus
261 2569 315 2632 est
327 2562 434 2631 etiam
449 2562 586 2632 ciuibus
597 2562 859 2643 Polocensibus,
869 2567 1000 2632 Ioanne

29 2678 195 2767 Chodyka,
211 2677 330 2744 adhuc
344 2675 579 2756 schismatico,
593 2681 633 2743 ut
643 2675 719 2767 ipse
729 2676 773 2743 de
784 2696 821 2744 se
832 2674 1000 2744 flebiliter

30 2792 254 2866 contestatur,
277 2791 314 2855 et
339 2786 407 2854 alio
429 2785 590 2855 Gabriele
615 2785 793 2877 Lahodny,
821 2784 882 2876 qui
897 2784 998 2855 Vilna

30 2897 192 2967 Polociam
208 2898 301 2967 tales
316 2897 482 2967 invexere
497 2897 654 2977 litteras
671 2918 759 2989 quas
773 2897 897 2966 loanni
912 2896 998 2967 Gie-

28 3013 125 3104 droyc
139 3012 256 3107 equiti
276 3013 305 3104 ej
312 3014 435 3085 usdem
449 3012 690 3105 professionis,
710 3012 815 3081 variis
829 3012 999 3083 deleren-

28 3124 83 3193 das
96 3127 280 3195 nobilibus
295 3126 609 3197 tradiderelidem
626 3126 788 3196 monachi
800 3132 837 3195 et
846 3126 1000 3219 presby-

27 3239 86 3306 teri
118 3238 238 3309 varios
277 3239 471 3309 Smotriscii
497 3240 625 3321 libros,
654 3240 691 3309 in
721 3251 878 3310 sanctam
904 3243 999 3314 Petri

26 3350 135 3418 sedem
151 3352 258 3443 longe
274 3352 516 3443 blasphemos,
535 3359 572 3423 et
583 3375 656 3445 prae
671 3354 837 3424 omnibus
850 3357 999 3426 haereti-

25 3463 264 3533 corumlibris
278 3463 539 3545 virulentiores,
555 3465 591 3533 in
607 3466 809 3549 civitatibus
834 3468 999 3561 oppidis-

25 3576 245 3661 puerariis,
282 3580 320 3643 et
352 3583 537 3668 equestres
574 3578 667 3648 inter
699 3581 861 3650 homines
894 3582 998 3653 dictae
1038 3583 1257 3697 'ffilfflffigffi

24 3685 217 3755 Polocensis
237 3686 419 3765 dioecesos,
442 3687 669 3760 distribuere.
696 3694 734 3758 ln
750 3690 880 3760 litteris
894 3693 997 3764 Mele-

24 3795 89 3864 tius
107 3798 251 3867 monuit
269 3820 307 3867 se
324 3820 401 3869 esse
423 3806 553 3869 sanotae
570 3801 694 3870 matris
708 3802 857 3873 illustris
869 3804 998 3875 Orien-

25 3906 97 3975 talis
124 3910 315 3989 Ecclesiae,
350 3916 389 3978 ut
422 3911 662 4003 ampullantur
698 3914 769 3994 isti,
791 3915 993 3998 alumnum,

24 4040 136 4087 verum
165 4021 493 4114 archiepiscopum,
523 4030 701 4114 pastorem
734 4027 994 4111 orthodoxum;

23 4132 185 4224 iosaphat
200 4132 452 4225 impostorem,
470 4134 656 4225 papulam,
674 4136 880 4207 haereticum
895 4160 903 4221 ;
920 4138 997 4230 ipso
