3259 5484
493 725 672 794 -23-

94 890 231 982 templo
251 887 373 959 effusis
387 891 666 980 prosequuntur.
683 882 885 954 consecrari
899 903 921 950 a
943 879 1069 952 zelosis

91 1001 189 1072 hisce
226 1000 445 1071 orthodoxiae
481 997 677 1069 cultoribus
707 1018 788 1068 eum
814 993 998 1074 sicarium,
1025 993 1069 1061 ad

91 1112 274 1183 victimam
296 1135 340 1183 ex
362 1111 634 1203 metropolitano
658 1109 873 1188 faciendam,
904 1106 1067 1176 dixisses.
1096 1109 1169 1218 *1⁵¹3
1178 1111 1341 1217 *iffi*

92 1227 226 1295 Eodem
242 1225 363 1318 itaque
378 1245 471 1293 anno
483 1245 604 1294 mense
615 1221 721 1314 julio,
739 1221 775 1290 in
790 1221 878 1292 urbe
892 1218 1066 1299 llilnensi,

92 1334 171 1405 luce
187 1340 225 1404 et
249 1334 383 1428 palam,
406 1333 472 1404 fori
488 1333 624 1414 medic,
647 1332 761 1402 virum
781 1330 884 1399 annis
903 1350 1069 1421 gravem,

93 1446 218 1539 stirpis
228 1447 428 1528 senatoriae,
441 1447 603 1539 etipsum
615 1456 814 1516 senatorem
825 1443 1070 1516 excastellano

91 1558 272 1627 Brestensi
293 1558 426 1627 Russiae
451 1557 772 1650 archiepiscopum,
797 1555 982 1625 hincinde
1006 1577 1071 1624 suo

93 1668 210 1748 clero,
229 1668 415 1738 nobilitate
430 1667 709 1760 consanguinea,
725 1666 850 1737 crebro
869 1665 1068 1745 famulitio,

93 1780 129 1850 in
154 1782 212 1852 via
239 1783 429 1875 stipatum,
449 1784 538 1854 latro
566 1783 625 1854 ille
647 1782 889 1853 atrocissimus
912 1802 933 1848 a
956 1781 1072 1850 fronte

94 1894 312 1986 aggreditur.
330 1900 372 1965 nt
387 1918 452 1966 nec
466 1895 733 1966 advertentibus
747 1895 963 1987 romphaeam
983 1913 1074 1962 exa-

94 2011 214 2074 cutam
231 2011 328 2076 veste
344 2006 566 2088 occultatam,
585 2008 672 2077 adeo
687 2006 879 2077 crudeliter
892 2005 930 2072 in
942 2001 1073 2072 collum

98 2117 262 2210 stringit,
296 2126 335 2189 ut
358 2121 530 2212 oppositae
558 2121 601 2190 ad
627 2121 737 2191 ictum
762 2119 915 2190 sinistrae
947 2138 1074 2188 manus

95 2228 186 2298 duos
199 2228 330 2321 digitos
341 2253 422 2301 cum
435 2233 563 2313 medio,
579 2232 771 2325 scipionem
788 2252 859 2325 quo
874 2229 1071 2308 nitebatur,

96 2341 270 2411 annulum
290 2343 377 2412 etin
395 2366 437 2414 eo
453 2346 634 2438 saphirum
648 2369 755 2440 super
767 2346 895 2438 digito,
914 2350 1075 2414 catenam

96 2473 241 2524 auream
271 2454 314 2524 de
343 2455 432 2526 collo
458 2457 637 2552 duplicato
670 2462 909 2553 pendentem,
945 2460 1075 2529 collare

96 2566 205 2636 vestis
221 2567 327 2648 binae,
341 2571 571 2662 perseeuerit.
586 2571 752 2644 Miraculo
767 2573 835 2642 luit
849 2571 979 2642 collum
991 2569 1077 2641 inae·

97 2698 187 2758 sum,
204 2678 306 2772 signo
316 2680 428 2773 plagae
439 2682 549 2752 rubro
560 2690 766 2777 apparente.
781 2685 941 2754 Creditus
956 2688 1075 2753 tamen

97 2790 236 2860 occisus
258 2792 386 2873 fuisse,
403 2817 483 2865 cum
497 2795 533 2863 in
549 2803 679 2866 terram
697 2797 901 2867 corruisset.
923 2794 1078 2866 Sicarius

97 2899 180 2971 licet
215 2901 372 2972 tumultu
407 2906 553 2976 suborto
589 2908 736 2982 evadere
770 2907 965 2999 potuisset,
994 2927 1077 2975 mox

97 3019 360 3108 apprehensus,
379 3022 420 3086 ut
436 3018 638 3090 testimonio
653 3026 749 3090 esset
764 3019 896 3112 egregii
911 3019 1077 3090 schisma·

98 3127 251 3198 ticorum
277 3128 354 3198 zeli.
382 3129 476 3201 Uniti
505 3152 585 3202 cum
615 3137 792 3223 pastorem
821 3136 858 3200 et
893 3129 1077 3200 dominum

98 3262 222 3321 suum,
255 3246 512 3333 cruentumque
544 3241 782 3314 confessorem
812 3243 856 3312 ad
880 3241 1077 3333 proximam

99 3353 274 3424 senatoris
290 3352 396 3424 unius
412 3354 529 3426 aulam
540 3352 761 3430 detulissent,
778 3375 842 3425 rex
851 3351 1077 3426 miseratione

99 3487 184 3548 sua,
201 3472 384 3536 senatores
397 3487 570 3537 concursu
584 3519 594 3547 ,
611 3466 773 3538 dolorosa
788 3487 911 3537 omnes
925 3486 1080 3536 venera-

100 3581 222 3662 tione,
261 3581 376 3652 virum
411 3588 549 3651 tantum
584 3582 736 3652 coluere.
766 3586 804 3651 ln
833 3582 965 3674 templo
995 3602 1079 3652 vero

102 3699 234 3762 sanotae
248 3691 381 3761 Triadis
396 3692 580 3762 Unitorum
590 3694 765 3785 Josepbus
776 3693 951 3772 Rntscius,
967 3691 1080 3762 archi·

100 3803 298 3885 mandrita,
316 3811 352 3875 et
366 3805 520 3898 religiosi
536 3805 646 3876 mixto
666 3806 753 3876 fletu
766 3806 816 3897 {et
834 3807 981 3900 gaudio,
1002 3829 1080 3877 san·

104 3917 223 4008 guinis
252 3939 296 3986 ex
322 3917 455 3988 Unione
486 3918 642 4011 primitia
676 3926 712 3990 et
739 3921 901 3992 desectos
927 3920 1080 4013 pastoris

103 4030 233 4122 digitos
268 4030 304 4099 in
335 4032 437 4100 altari
472 4031 677 4124 depositoS,
709 4032 865 4124 jubilum
901 4033 942 4102 Te
976 4034 1081 4102 licum

106 4143 282 4212 laudamus
322 4142 570 4223 concinentes,
606 4148 741 4220 Decet
777 4148 880 4214 Petro
905 4145 1079 4214 obtulere.
