3259 5484
1007 712 1186 786 ..78-

605 877 742 945 Etcum
763 874 959 947 solemnem
975 879 1047 945 Deo
1065 876 1233 967 iosaphat
1247 876 1368 945 eadem
1392 874 1448 945 die
1462 884 1564 969 ageret

606 984 798 1077 liturgiam.
815 985 1061 1056 archidiacono
1088 1007 1168 1055 cum
1188 986 1282 1056 clero
1302 986 1506 1079 caeterisque
1529 1010 1562 1056 er

606 1098 720 1189 adytis
750 1098 976 1190 procedenti,
1008 1104 1044 1169 et
1068 1098 1292 1169 benedictum
1319 1120 1384 1190 pro
1411 1098 1563 1168 sacrificio

606 1230 735 1301 panem
758 1208 795 1277 in
815 1209 936 1300 patina
955 1209 1094 1291 ferenti,
1114 1216 1300 1302 protervus
1315 1210 1458 1303 quidam
1474 1210 1564 1278 schis-

607 1322 770 1403 maticus,
802 1324 938 1414 alapam
972 1323 1098 1392 fortem
1124 1321 1282 1415 impegit.
1311 1322 1416 1414 Cujus
1446 1322 1562 1413 impetu

607 1436 728 1529 patina
746 1458 826 1505 cum
842 1436 957 1505 hostia
973 1457 992 1505 e
1011 1435 1176 1505 manibus
1196 1435 1232 1505 in
1254 1441 1383 1505 terram
1402 1434 1561 1527 prolapsa,

606 1552 796 1643 iosaphato
824 1550 1031 1619 sceleratam
1058 1548 1332 1642 obstupescente
1357 1548 1563 1618 insolentiam

607 1668 645 1733 et
658 1662 923 1754 ingemiscente.
941 1664 1070 1733 Verum
1088 1660 1168 1753 quis
1183 1666 1368 1731 enumeret
1382 1659 1564 1729 universal

607 1776 693 1843 Tota
704 1772 775 1844 vita
788 1772 968 1866 iosaphati
980 1780 1074 1843 meta
1085 1772 1163 1853 luit,
1178 1772 1334 1864 adquam
1350 1771 1440 1852 odia,
1454 1771 1562 1848 minas,

608 1884 875 1977 promissiones,
893 1882 1051 1974 injuriae,
1070 1884 1271 1974 despectus,
1290 1881 1562 1973 conspirationes,

337 1992 581 2105 ‘'ll‘'ffifffl·
607 1998 764 2078 insidias,
778 1998 981 2088 caedemque
991 1996 1101 2088 ipsam
1117 1996 1330 2065 schismatici
1344 1994 1562 2065 collimarunl.

608 2112 692 2191 Quae
707 2106 879 2199 originem
896 2128 993 2175 suam
1010 2107 1225 2189 derivavere,
1242 2108 1368 2176 alonte
1384 2105 1562 2176 litterarum
1612 2108 1613 2189 l

607 2219 802 2290 Smotriscii
821 2219 857 2287 in
870 2240 964 2301 eum,
981 2218 1223 2310 librorumque
1243 2218 1279 2286 in
1295 2223 1452 2287 sanctam
1468 2218 1565 2286 cathc

609 2331 711 2401 licam
725 2329 916 2400 Ecclesiam
937 2329 1230 2422 conscriptorum.
1252 2332 1366 2421 Atque
1386 2350 1467 2397 cum
1481 2330 1565 2395 losa-

609 2444 757 2536 phatum
792 2454 1054 2535 praemonerent
1088 2442 1198 2523 varii,
1234 2441 1294 2533 qui
1328 2441 1394 2511 sibi
1418 2448 1563 2511 caveret:

609 2556 709 2625 laetus
721 2555 793 2635 ille,
812 2575 942 2646 cupere
959 2576 996 2625 se
1009 2553 1151 2623 dissolvi
1166 2560 1202 2623 et
1222 2576 1299 2623 esse
1315 2574 1394 2621 cum
1414 2551 1563 2620 Christo:

608 2689 672 2759 pro
681 2666 750 2736 fide
763 2666 987 2759 potissimum
1000 2672 1036 2737 et
1052 2665 1180 2735 unione
1195 2663 1378 2734 catholica.
1391 2660 1565 2733 Necverbis

608 2779 724 2847 solum
737 2776 832 2847 istud
845 2777 1072 2858 desiderium,
1089 2778 1220 2847 litteris
1230 2798 1372 2869 quoque
1383 2774 1427 2844 ed
1440 2792 1565 2866 magnos
1611 2848 1612 2855 ἵ

344 2910 475 2955 munen-
489 2910 570 2954 mci.
607 2890 702 2959 uiros
720 2890 832 2971 datis,
858 2890 1057 2961 luculenter
1076 2895 1296 2960 contestatus
1314 2896 1380 2960 est.
1402 2889 1563 2972 Quondam
1611 2888 1612 2921 ¹

607 3003 884 3072 meditabundus
910 3002 953 3071 ad
974 3003 1237 3074 Emmanuelem
1270 3006 1562 3076 (iantacuzenum

605 3115 733 3183 domus
751 3135 826 3183 suae
864 3113 1084 3206 primarium,
1112 3113 1299 3206 prorupit:
1319 3112 1566 3205 proficiscamur

607 3228 776 3308 Kioviam
792 3226 1000 3296 catholicam
1018 3226 1089 3295 illie
1106 3226 1225 3307 fidem,
1243 3232 1473 3317 sanctamque
1487 3222 1565 3292 nnio

607 3366 688 3414 nem
703 3342 914 3437 promoturi.
927 3346 968 3412 Et
980 3342 1166 3435 reponenti
1177 3342 1240 3423 illi,
1256 3341 1350 3411 nolle
1364 3363 1401 3411 se
1417 3342 1469 3410 ibi
1482 3337 1562 3415 mori,

537 3445 540 3453 ’
607 3457 713 3526 citius
736 3476 774 3525 se
800 3454 869 3524 iste
894 3455 1029 3526 ratione
1057 3455 1093 3523 in
1120 3454 1210 3525 coelo
1235 3455 1385 3535 futuros,
1416 3450 1563 3544 subjecit.

608 3567 753 3658 Propior
780 3566 904 3646 morti,
939 3588 1010 3634 non
1039 3588 1192 3658 unquam
1215 3565 1365 3645 dulcius
1389 3587 1457 3635 nec
1476 3560 1565 3655 quid-

606 3700 712 3769 quam
740 3678 898 3770 saepius,
933 3698 1039 3769 quam
1063 3678 1106 3746 de
1128 3686 1242 3747 morte
1271 3677 1380 3769 loqui.
1406 3680 1495 3746 Ante
1515 3674 1566 3739 iter
1610 3666 1611 3711 ³

607 3790 881 3870 Vitebscianum
911 3790 1059 3859 Polociae
1086 3790 1121 3858 in
1142 3789 1288 3861 ecclesia
1309 3790 1419 3858 rrata‘li
1448 3782 1565 3857 Domini

606 3901 778 3981 dedicata,
796 3902 977 3993 propalam
997 3903 1040 3973 de
1056 3910 1222 3995 suggestu
1238 3903 1369 3972 edixit:
1388 3924 1460 3973 non
1474 3902 1564 3969 latere

607 4034 644 4081 se
662 4012 777 4082 varias
796 4012 954 4093 insidias,
979 4034 1173 4105 necemque
1198 4019 1356 4105 paratam
1376 4037 1383 4081 :
1403 4034 1469 4105 pro
1488 4015 1565 4079 certo

607 4124 836 4193 nihilominus
861 4124 1002 4205 scireut,
1026 4132 1176 4195 mortem
1192 4147 1229 4194 se
1257 4146 1322 4217 pro
1343 4127 1565 4214 Christano
