3259 5484
443 743 644 814 -rtc-

80 906 231 981 aldemano
245 906 391 968 Pontifice
402 902 622 986 comprobata,
637 902 718 965 Unio
733 902 953 966 Ruthenorum
964 908 1032 962 tum

78 1006 180 1068 insidiis
192 1016 260 1069 turn
273 1007 393 1069 viribus
404 1012 623 1088 oppugnatur,
636 1003 767 1066 extollat
781 1002 926 1076 tandem,
940 1008 969 1063 te
983 1000 1035 1063 de

79 1107 218 1182 tendente,
230 1118 324 1191 caput
335 1108 416 1170 coelo
428 1114 553 1187 gratum
564 1156 571 1180 ‚
584 1107 760 1187 sentiatque
774 1105 808 1166 in
823 1090 1034 1185 septentrione

78 1212 309 1289 potentissimum
324 1230 430 1290 regem
454 1208 661 1272 constitutum
676 1226 695 1268 a
708 1208 772 1269 Deo
786 1206 846 1287 pire
860 1223 961 1267 causae
976 1203 1033 1265 de·

77 1312 224 1375 tonsorem.
243 1315 520 1377 Schismaticorum
534 1310 678 1373 sodalitia
697 1309 763 1372 illie
783 1308 920 1381 institui,
937 1325 1035 1369 noras

77 1412 146 1491 leges
160 1414 327 1477 identidem
341 1423 450 1477 contra
464 1412 574 1475 Unitos
589 1411 703 1474 sanciri
716 1458 723 1485 ‚
738 1410 923 1491 accipimus.
941 1408 1034 1488 Regia

77 1518 238 1593 auctoritas,
254 1538 325 1602 quae
346 1518 420 1580 fidei
445 1514 626 1598 praesidium
649 1532 715 1575 esse
732 1512 836 1585 debet,
853 1511 1036 1591 sacrilegam

77 1617 145 1679 hanc
164 1625 367 1684 temeritatem
391 1619 551 1698 infringat.
574 1618 614 1679 Et
632 1616 786 1699 quoniam
808 1615 911 1677 minas
933 1613 1036 1695 poenis

77 1736 126 1778 non
140 1731 272 1783 armatas
286 1722 443 1801 negligere
457 1720 537 1781 solet
545 1718 708 1800 impietas,
725 1736 796 1799 quae
810 1717 882 1779 coeli
899 1716 1033 1778 fulmina

76 1826 100 1877 ct
112 1820 276 1885 inferorum
299 1824 457 1885 cruciatus
481 1839 545 1883 non
569 1800 676 1893 timet,
692 1828 780 1881 curet
793 1819 935 1900 llajestas
949 1817 1032 1891 Tua,

76 1931 103 1982 nt
120 1926 380 2009 pseudoepiscopi
402 1925 554 1999 Rutheni,
570 1924 626 2006 qui
651 1924 760 1986 turbas
785 1941 930 1995 morere,
947 1932 978 1984 et
1001 1922 1034 1983 in

77 2024 246 2092 dosacorurn
270 2031 406 2093 comitiis
429 2030 587 2092 dominari
614 2036 789 2103 conantur,
811 2028 944 2107 dignum
970 2036 1034 2089 tam

76 2126 169 2189 audaci
184 2129 322 2193 facinore
345 2130 536 2213 supplicium
552 2128 663 2191 lerant.
681 2130 760 2191 Tum
776 2129 829 2192 ille
844 2127 1035 2191 seditionum

77 2224 116 2287 lar
130 2239 157 2291 et
171 2231 418 2296 facinorosorum
431 2233 514 2307 dun,
530 2233 710 2313 patriarcha
721 2230 1032 2313 Hierosolymitanus

76 2332 171 2408 regalis
185 2335 238 2397 irae
255 2336 320 2398 rim
337 2335 533 2417 experiatur,
550 2334 699 2415 illiusque
711 2334 889 2397 calamitate
908 2343 1034 2397 caetero-

76 2447 133 2493 rum
145 2446 323 2500 coerceatur
334 2431 475 2499 audacia.
490 2434 579 2511 Quod
591 2435 649 2496 etsi
663 2434 789 2497 difficile
801 2433 885 2497 factu
898 2434 1032 2508 ridetur,

76 2534 139 2611 quid
151 2539 276 2601 tandem
288 2557 353 2602 non
367 2536 561 2621 expugnabit
574 2537 690 2619 pietaS,
705 2554 802 2617 quam
817 2537 934 2598 coelum
946 2544 1033 2597 tuea-

77 2642 129 2711 tur,
145 2647 173 2699 et
196 2643 282 2722 regia
309 2642 478 2703 auctoritas
501 2640 626 2702 arrnet‘l
649 2639 737 2702 Certe
760 2640 955 2723 Nicephorus
981 2641 1035 2703 ille

77 2735 199 2818 Gnaeus,
213 2744 270 2825 qui
281 2743 381 2805 factus
392 2744 528 2822 armiger
536 2742 656 2804 diaboli
669 2750 701 2803 et
712 2740 841 2822 signifer
854 2742 1033 2819 seditioniS,

77 2843 112 2897 tot
130 2852 234 2907 contra
257 2846 419 2907 Ruthenos
438 2844 544 2906 unitos
563 2844 717 2926 procellas
731 2844 763 2904 in
783 2844 847 2905 illis
865 2846 1035 2925 provinciis

78 2955 128 3001 non
138 2943 177 3006 ita
186 2946 321 3027 pridem,
333 2945 459 3008 sedente
472 2945 631 3007 Clemente
642 2944 720 3019 Vlll,
732 2944 890 3019 excitavit,
907 2945 1035 3008 tandem

76 3038 252 3113 deformatus
272 3050 422 3112 aerumnis
434 3057 465 3111 et
480 3048 639 3130 perpetuis
660 3048 795 3111 vinculis
814 3051 1032 3131 mancipatae,

76 3141 182 3225 docuit,
198 3171 262 3215 non
279 3151 375 3215 modo
395 3170 492 3233 quam
507 3160 616 3226 atrox,
634 3149 795 3215 sedetiam
809 3170 906 3233 quam
923 3153 1035 3216 misera

77 3265 115 3308 res
131 3256 227 3318 scelus
241 3258 291 3319 sit.
307 3254 467 3337 Ejusmodi
493 3254 637 3337 exempla
658 3254 683 3315 si
704 3254 815 3316 crebro
838 3255 1035 3317 schismatica

77 3353 217 3419 temeritas
232 3358 410 3430 intueatur,
429 3375 493 3418 non
509 3356 552 3417 ita
567 3356 690 3419 animos
708 3356 813 3431 tollet,
828 3364 858 3417 et
878 3356 1034 3419 ultionum

75 3446 229 3519 Dominum
253 3458 423 3520 formidare
445 3456 553 3520 discet.
574 3459 708 3522 Proinde
722 3477 871 3539 rogamus
885 3461 924 3521 M.
939 3456 986 3534 Τ.,
1001 3470 1036 3521 ut

76 3568 187 3621 causam
210 3564 294 3624 hanc
315 3563 403 3625 onrni
427 3578 492 3643 quo
516 3569 617 3643 potest
643 3562 747 3625 studio
775 3572 870 3644 atque
896 3565 1036 3645 potentia

76 3661 196 3723 tueatur.
233 3664 265 3725 ld
298 3672 404 3726 autem
437 3663 527 3725 facile
564 3664 702 3747 incipere
735 3672 856 3746 potest,
886 3666 911 3725 si
940 3666 1036 3745 regali

75 3765 234 3831 patrocinio
255 3768 366 3831 Unitos
393 3768 557 3849 episcopos
584 3768 774 3843 muniverit,
805 3770 906 3851 iisque
933 3767 1038 3831 faciles

76 3859 165 3927 aditus
179 3870 216 3931 ad
230 3871 335 3933 aulam
350 3878 381 3932 et
391 3871 525 3933 concilia
537 3880 643 3952 patere
652 3870 794 3953 jusserit,
806 3872 1035 3954 curaveritque,

77 3982 109 4026 sse
129 3976 313 4059 episcopalis
333 3978 497 4041 sacerdotii
521 3977 657 4057 dignitas
678 3979 712 4039 in
734 3979 772 4041 iis
797 3980 912 4043 minori
930 3980 1035 4053 cultu,

76 4078 199 4145 quanin
211 4081 329 4143 cacteris
341 4080 529 4162 presulibus
538 4081 671 4142 colatur.
686 4081 853 4145 [lisserenti
866 4092 930 4145 tarn
943 4102 1037 4163 grave

77 4179 222 4251 nogotium
234 4201 305 4244 nen.
321 4183 408 4245 fratri
421 4185 511 4246 Joan.
530 4184 689 4265 Baptistae,
708 4202 758 4267 ep.
779 4186 902 4248 Nolano
919 4186 1037 4248 Nuntio
