3259 5484
437 706 486 727 ·-
509 674 573 741 lar
596 710 642 725 -·

77 856 145 903 casu
166 836 325 927 quopiam
343 834 538 903 suffocavit.
558 833 735 923 Magisque
751 830 875 898 morbo
890 828 1028 897 condic·

78 948 268 1026 laudium,
302 948 478 1038 loquelam
505 952 541 1013 et
567 945 708 1022 oeuloS‚
737 942 877 1009 duobus
901 939 1024 1008 clausit
1055 956 1298 1029 naurocnuoeneicn-

79 1056 206 1125 diebus:
224 1080 289 1127 nec
308 1058 381 1126 ulla
398 1058 470 1148 jam
488 1057 569 1125 vitae
585 1078 666 1147 spes
682 1056 917 1146 superfuerat.
940 1057 1028 1120 Pras·
1095 1018 1258 1072 '’mnium''

71 1191 147 1237 sens
159 1170 329 1261 virginum
351 1167 598 1246 confessarius
617 1165 814 1234 Ludovicus
833 1169 960 1235 Rossa.
984 1184 1027 1230 ex

77 1281 183 1349 eodem
201 1281 339 1360 ordine,
365 1281 408 1347 ad
425 1280 569 1347 beatum
592 1284 782 1367 martyrem
797 1273 969 1343 recurrit:
992 1278 1028 1341 et

75 1398 200 1482 accepta
212 1392 388 1484 particula
401 1390 572 1481 strophii,
595 1387 765 1479 sanguine
784 1386 862 1478 ejus
879 1384 1024 1463 imbuti,

73 1502 237 1594 aconjuge
257 1486 485 1593 Tyszhievicii
501 1521 608 1590 super
622 1498 744 1567 oeulos
766 1495 951 1565 morientis
970 1495 1028 1563 de·

72 1612 185 1699 posuit.
197 1618 274 1683 Mox
288 1612 349 1680 illa
358 1611 541 1703 prospexit
551 1618 589 1679 et
603 1610 814 1678 miraculose
824 1608 868 1677 ab
879 1607 1024 1686 acicula,

70 1722 179 1791 morbo
190 1724 335 1802 caduco,
354 1721 533 1790 veneficiis
549 1720 710 1800 liberata,
732 1720 775 1788 de
792 1720 883 1788 lecto
896 1717 1027 1786 doloris
1113 1756 1235 1799 Μ...

70 1832 291 1914 suisurrexit.

107 1942 154 2010 78.
188 1948 287 2013 Anno
323 1942 436 2022 1633,
472 1943 576 2013 Mosei
618 1942 778 2011 Russiam
816 1942 1027 2033 populantes

69 2052 187 2134 Albam,
203 2055 378 2123 Polociam
394 2076 537 2145 quoque
548 2053 691 2143 inopino
706 2052 873 2144 aggressi,
889 2053 981 2122 ferro
993 2059 1028 2120 et

70 2164 136 2253 igne
160 2168 378 2235 deleverunt.
405 2169 491 2232 Cum
513 2166 556 2231 ad
578 2186 693 2232 arcem
716 2145 974 2256 occupandam,¹
992 2165 1027 2232 in
1056 2176 1098 2219 Arx
1117 2178 1237 2241 Pulueris
1251 2190 1299 2217 ru·

70 2297 127 2363 qna
140 2299 275 2346 sacrum
291 2299 420 2368 corpus
434 2278 603 2367 Josaphat
618 2277 743 2356 fuerat,
762 2277 918 2345 animum
935 2277 1028 2367 adji-
1141 2244 1208 2282 ’Μ

68 2396 184 2468 cerent,
199 2389 395 2457 exercitum
410 2388 445 2454 in
460 2388 561 2454 vallis
576 2395 753 2456 armatum
767 2393 886 2480 (quem
896 2394 1028 2477 martyr

68 2497 232 2589 dirigeret)
252 2497 386 2579 intuiti,
407 2522 450 2568 ex
471 2522 566 2567 nunc
580 2502 824 2594 profugerunt.
848 2504 887 2569 Et
912 2511 1026 2569 tamen

68 2622 228 2697 presente
258 2614 536 2707 archiepiscope,
562 2615 712 2685 Antonio
741 2616 886 2694 Sielava,
919 2620 954 2682 et
985 2614 1027 2681 ad
1103 2689 1105 2694 ,

65 2713 255 2813 sepulcrum
283 2727 448 2818 martyris
475 2750 555 2796 cum
587 2728 665 2795 aliis
691 2735 837 2807 orante,
879 2726 1028 2795 sciretur

68 2837 136 2923 quis
154 2838 211 2908 ille
228 2841 320 2908 foret
339 2840 517 2909 exercitus
530 2847 545 2908 ‘l
558 2845 642 2907 Nam
659 2863 727 2908 non
744 2842 915 2909 duntaxat
931 2839 1029 2906 mili-

68 2955 121 3026 tes,
152 2954 210 3020 sed
233 2952 396 3021 universe
417 2960 578 3044 sumptos
593 2954 772 3033 homines,
796 2954 831 3021 in
852 2976 930 3023 aree
948 2954 1029 3021 exi-

66 3068 197 3142 stentes,
209 3063 268 3131 vix
281 3063 538 3155 quinquaginta
550 3065 920 3156 personasexcessisse
932 3072 1028 3135 certo

62 3179 271 3262 compertum
296 3181 361 3242 cst.

61 3321 64 3325 ·
104 3281 153 3349 79.
177 3286 278 3351 Anno
294 3283 392 3363 1636,
410 3288 520 3363 Anna,
540 3285 777 3354 Emmanuelis
798 3286 1028 3353 Cantacuzeni
1089 3290 1255 3333 rauranum

66 3389 161 3460 liliola
185 3394 427 3485 quadriennis
444 3396 533 3464 febri
557 3418 724 3465 succensa
736 3397 898 3487 maligna,
921 3396 1028 3463 immo

65 3498 175 3571 lethali
194 3528 200 3570 :
219 3527 326 3595 quam
344 3506 445 3574 fortis
467 3506 573 3576 etiam
598 3514 634 3575 et
655 3507 877 3598 trigenarius
894 3508 1027 3599 absque

65 3620 212 3705 periculo
232 3623 326 3704 vitae,
351 3647 421 3692 000
444 3626 584 3694 tulisset
608 3628 724 3694 homo,
746 3626 902 3694 Afflictus
923 3626 1028 3717 igitur

60 3752 206 3818 parem,
239 3738 282 3804 ad
310 3738 513 3827 sepulcrum
537 3760 614 3806 eam
639 3738 703 3806 viri
728 3738 789 3806 Dei
812 3738 965 3818 obtulit,
993 3747 1029 3807 et

65 3844 249 3939 derepente
270 3873 390 3919 sanam
405 3853 550 3944 recepit.

101 3956 153 4027 80.
180 3963 377 4031 Dorotheus
401 3964 620 4042 Lecihovicz,
649 3965 833 4055 religiosus
855 3970 888 4034 S.
917 3965 1028 4035 Patris
1055 3986 1175 4030 ernanus
1195 3992 1299 4029 exeamus

65 4072 168 4139 nostri
179 4073 310 4153 Basilii,
326 4075 449 4144 eodem
463 4098 555 4143 anno
568 4076 772 4167 gravissima
784 4084 968 4169 correptus
979 4078 1029 4145 in-
