3259 5484
945 719 1125 790 ..2⁴-

547 874 738 966 Tragmdiae
755 875 861 966 hujus
871 875 1040 945 memoria
1055 875 1090 943 in
1105 876 1235 946 tabella
1247 891 1414 969 argentea
1428 880 1523 950 iconi

548 988 705 1080 Deiparae
727 988 883 1058 Vitnensi
901 988 1039 1068 obtata,
1062 989 1099 1056 iu
1123 991 1198 1058 haec
1221 1011 1335 1082 usque
1362 1001 1524 1084 tempora

549 1098 785 1189 superfuerat.
805 1097 867 1166 Cui
887 1095 1079 1189 epigraphe
1100 1097 1146 1166 ab
1165 1099 1315 1190 Hypatio
1328 1100 1487 1168 additum
1510 1125 1519 1168 :

547 1209 721 1300 Costipona
740 1212 914 1299 costiqotit
931 1231 982 1278 me
1004 1209 1181 1292 Dominus,
1204 1211 1304 1279 ntorti
1325 1221 1435 1281 nutem
1456 1237 1523 1281 non

275 1332 351 1376 Sinni
367 1345 437 1388 rw·
455 1335 519 1406 tur
546 1322 686 1390 tradidit
711 1343 773 1389 me.
794 1322 861 1389 Sed
878 1321 962 1388 dum
986 1323 1200 1412 deprecante
1217 1323 1340 1391 codem
1363 1324 1518 1403 neniam,

283 1396 508 1450 ‘mmmm
547 1454 617 1502 non
646 1433 879 1526 impetrante,
905 1441 1030 1501 auctor
1053 1433 1219 1502 facinoris
1243 1432 1407 1502 divisioni
1432 1457 1522 1528 par-

546 1544 635 1614 tium
660 1545 882 1638 adjudicatus
909 1546 1053 1625 suisset,
1082 1547 1236 1616 accurrit
1263 1548 1458 1639 Josaphat,
1483 1559 1521 1616 et

547 1661 675 1753 perditi
692 1661 989 1730 hominisemottit
1005 1662 1185 1743 duritiem,
1200 1663 1244 1732 ad
1258 1663 1402 1733 sceleris
1414 1664 1521 1755 agni-

546 1772 689 1852 tionem,
705 1774 897 1841 adsacrum
914 1773 1211 1866 exomologesim,
1227 1776 1272 1843 ad
1290 1775 1460 1853 dolorem,
1475 1776 1518 1842 ad

545 1883 717 1974 lacrymas
737 1883 885 1953 inducit.
901 1888 1020 1976 Neque
1034 1886 1079 1954 ad
1093 1885 1259 1953 ultimum
1271 1885 1402 1954 deserit
1419 1885 1521 1976 spiri·

545 2003 619 2066 tum
636 2019 658 2078 ,·
676 2019 756 2066 cum
796 1999 1009 2066 ascendente
1035 1996 1198 2088 supplicii
1226 1998 1406 2066 theatrum
1442 1996 1520 2088 ipse

544 2110 714 2178 ascendit.
744 2113 818 2180 Non
848 2110 1087 2179 multitudinis
1112 2111 1309 2180 innumerae
1334 2118 1518 2202 aspectum

545 2224 780 2304 erubescens,
808 2247 873 2294 nec
898 2224 1058 2293 militiam
1088 2225 1276 2317 plurimam
1300 2226 1519 2316 exequendae

545 2336 705 2405 securius
714 2336 865 2428 justitiae
879 2336 1073 2404 adhibitam
1090 2337 1244 2416 veritus,
1259 2335 1379 2406 verbis
1390 2336 1517 2429 spiritu

544 2447 605 2517 Dei
621 2449 736 2541 plenis
757 2469 856 2518 reum
878 2449 1104 2527 cohortatur,
1131 2455 1172 2516 ut
1193 2469 1316 2539 peenas
1336 2446 1518 2516 demeritae

544 2560 668 2634 mortis
685 2582 764 2628 cum
790 2582 853 2652 spe
869 2560 952 2628 vitm
973 2559 1130 2628 melioris
1149 2559 1260 2627 lueret
1280 2582 1289 2626 τ
1312 2559 1519 2628 demirando
1624 2644 1625 2649 ἵ

544 2692 628 2740 sane
643 2671 771 2741 dirinae
786 2672 822 2739 in
835 2681 1039 2764 peccatores
1052 2671 1263 2751 clementiae,
1284 2677 1323 2740 et
1334 2670 1519 2739 charitatis

543 2784 709 2875 Josaphat
726 2782 761 2850 in
777 2783 914 2852 hostem
929 2783 1082 2874 pastoris
1096 2782 1173 2862 sui,
1193 2784 1419 2852 documento.
1479 2774 1485 2782 ’

270 2937 400 2982 nm
410 2939 515 2982 mu,
590 2903 678 2984 Quin
699 2903 804 2972 etiam
825 2902 991 2971 omnibus
1005 2903 1064 2971 itte
1078 2902 1159 2971 aliis
1177 2902 1351 2972 scelerum
1365 2904 1519 2970 damna-

282 2999 500 3046 ‘ffiffl'fflm'ii
544 3013 611 3094 tis,
628 3015 727 3105 quasi
744 3036 848 3084 nemo
862 3015 1022 3094 adesset,
1043 3016 1207 3084 eumdem
1229 3023 1399 3107 praestare
1413 3037 1519 3083 amo-
1623 3108 1624 3111 Ἴ

542 3124 591 3192 ris
608 3125 770 3193 affectum
792 3146 863 3193 uon
886 3125 1040 3204 destitit,
1055 3126 1168 3195 donec
1181 3126 1279 3217 ipsos
1292 3125 1440 3217 spiritus
1457 3127 1517 3194 de·
1623 3156 1624 3221 3

541 3235 727 3304 stituisset.
753 3238 873 3327 Neque
894 3258 965 3305 uox
983 3236 1216 3329 intempesta,
1251 3257 1369 3328 neque
1402 3238 1516 3306 hiems
1623 3238 1624 3257 ¹

540 3348 766 3441 quantumuis
778 3346 980 3439 perfrigida,
998 3369 1114 3438 neque
1126 3347 1198 3414 uita
1212 3346 1412 3438 importuna
1426 3353 1515 3416 tem·

538 3461 635 3554 poris
650 3466 860 3551 tempestas,
875 3481 895 3527 a
910 3459 1053 3528 seruitio
1065 3458 1188 3527 tatium
1199 3480 1345 3528 avocare
1358 3479 1439 3527 eum
1454 3480 1516 3550 po-

538 3573 620 3642 tuit.
640 3571 854 3641 Laetitiorem
871 3570 1047 3663 quispiam
1063 3569 1163 3638 illum
1186 3570 1230 3638 ad
1249 3571 1325 3638 haec
1344 3569 1513 3661 obse-quia

538 3680 1515 3774 euntem,quamultumatiumadopimanidissetconri-
1622 3674 1623 3709 i

539 3796 607 3864 via.
627 3797 677 3865 Ad
698 3795 921 3864 serviendum
936 3794 1087 3863 infirmis
1103 3817 1174 3863 non
1187 3796 1291 3864 modo
1311 3795 1347 3863 in
1362 3795 1515 3863 xenodo-

535 3908 635 3988 chio,
658 3908 719 3998 sed
737 3907 844 3978 etiam
858 3907 893 3975 in
908 3906 1131 3999 sterquilinio
1139 3906 1353 3998 jacentibus,
1373 3906 1454 3998 quis
1467 3928 1511 3976 eo

536 4020 714 4090 velocior?
730 4019 863 4111 quibus
876 4020 912 4089 in
927 4019 1077 4088 mucidis
1086 4021 1276 4088 constratis
1294 4020 1406 4100 lectis,
1424 4043 1514 4112 por-

262 4144 374 4188 um·
390 4148 506 4192 mum.
534 4139 631 4201 recto
653 4153 760 4200 manu
777 4153 842 4199 sua
861 4131 941 4200 cibo
962 4138 1142 4224 potuque,
1171 4131 1207 4199 iu
1230 4131 1513 4201 confessionibus
