3259 5484
948 652 1149 725 -130..

560 810 800 879 adverterunt.
828 812 955 879 Fronte
977 832 1094 902 super,
1119 809 1219 891 faeie,
1246 830 1343 890 naso,
1373 809 1525 890 auribus,

560 940 605 989 ex
617 925 692 990 toto
717 919 878 1012 integris,
900 920 992 991 ietus
1013 920 1184 1000 nonnulli,
1210 919 1381 1013 signaque
1404 920 1528 991 vulno-

561 1055 640 1101 rum
661 1041 792 1103 notata.
807 1038 975 1113 Mentnm,
990 1033 1165 1127 pelliculis
1187 1041 1222 1104 et
1235 1054 1339 1103 earne
1354 1032 1524 1111 indutum,

561 1144 643 1237 pilis
655 1145 809 1215 carebat.
830 1150 965 1239 Corpus
976 1146 1104 1238 ipsum,
1124 1146 1353 1239 membraque
1370 1145 1527 1217 universa

560 1256 704 1347 penitus
728 1255 953 1348 incorrupta,
987 1258 1048 1326 sell
1077 1256 1217 1327 siccata.
1240 1262 1380 1327 Dextrae
1402 1258 1527 1349 digitus

559 1368 768 1440 auricularis
793 1369 988 1447 abscissus,
1022 1370 1070 1439 nti
1101 1370 1207 1441 etiam
1229 1370 1372 1441 sinister
1393 1370 1524 1463 pollex,

559 1486 595 1549 et
610 1503 692 1549 sura
705 1479 805 1572 pedis
824 1480 969 1549 sinistri.
993 1482 1042 1550 ld
1059 1480 1237 1551 sinistram
1251 1482 1413 1574 plurimae
1438 1504 1526 1551 eom-

558 1600 670 1684 pertae
683 1592 866 1671 chartulae,
884 1598 954 1661 tam
971 1592 1305 1673 commissariorum,
1328 1616 1434 1685 qnam
1450 1593 1528 1661 alio·

560 1725 637 1771 rum
665 1702 869 1771 nominibus
901 1702 1099 1795 inseriptm;
1122 1704 1184 1795 qui
1207 1710 1398 1795 martyrem
1419 1703 1527 1797 prima

559 1814 805 1884 commissione
826 1836 918 1883 enno
942 1796 1039 1894 lent,
1070 1815 1186 1884 martii
1206 1815 1260 1895 ll,
1289 1816 1324 1883 in
1343 1823 1526 1907 patronum

560 1926 728 2019 legerant.
744 1927 800 1997 Sin
812 1926 936 1995 revisae
950 1935 986 1995 et
999 1926 1134 1997 vestitae
1146 1950 1254 1997 saorae
1267 1927 1414 2007 exuviae,
1434 1948 1527 1996 norae

559 2039 692 2109 tumbae
715 2038 932 2132 enpressinae
952 2060 995 2107 ex
1020 2038 1130 2119 ltalia,
1154 2061 1173 2107 a
1194 2039 1368 2131 Rephaele
1384 2038 1524 2117 Korsalr,

558 2151 724 2244 episeopo
738 2150 923 2220 llalieiensi
933 2204 941 2230 ‚
959 2158 1081 2243 postea
1097 2150 1368 2243 metropolitano
1386 2150 1524 2226 nussia,

558 2263 724 2343 advectae,
747 2270 831 2331 sunt
858 2261 1049 2352 imposilm;
1072 2261 1252 2352 locusque,
1275 2269 1314 2330 ut
1341 2270 1434 2340 ante,
1461 2260 1527 2329 ite-

559 2383 636 2444 rato
651 2374 850 2444 conclusus,

743 3179 891 3226 ttttttctttt
913 3178 982 3223 POST
1005 3176 1159 3222 Panaenum
1181 3174 1360 3221 PROCESSUH.

604 3722 712 3793 lllnlta
733 3728 769 3791 et
795 3719 965 3812 praeelara
993 3718 1174 3809 martyris,
1203 3683 1350 3787 Poloeiae
1372 3724 1408 3787 et
1427 3715 1522 3793 alibi,

561 3837 726 3905 adnotata
749 3832 918 3902 miracula
944 3839 1025 3925 post
1047 3854 1263 3924 processum.
1289 3834 1373 3912 Qum
1388 3850 1466 3899 oum
1487 3826 1524 3893 ad

562 3972 689 4019 manns
704 3970 773 4017 non
788 3947 871 4027 sint,
885 3946 1003 4036 aliqua
1018 3945 1154 4024 saltem,
1170 3965 1280 4034 eaque
1291 3940 1483 4012 celebriora
1495 3944 1524 4005 et

564 4060 673 4131 menti
684 4058 795 4151 magis
806 4057 875 4125 fixa
887 4056 1139 4126 adnotaverim.
