3259 5484
360 2402 492 2447 Convertitur
499 2404 543 2447 viso
552 2417 579 2448 eo

348 2466 430 2519 qnidam
437 2467 590 2510 schismaticus.

341 3888 453 3933 Parricida
466 3889 586 3932 lamentan-

444 3956 486 3995 ltlt'.

1023 682 1202 756 ..96-

626 850 771 925 rentur,
795 852 832 915 et
855 845 1114 928 desiderarent,
1136 869 1241 939 quem
1262 848 1505 940 perdidissent.
1521 850 1570 917 Nec

625 954 810 1035 horridus,
845 961 885 1025 ut
912 957 1105 1038 demortui,
1145 960 1207 1029 sed
1235 958 1416 1039 amabilis,
1457 966 1493 1027 ut
1522 959 1569 1026 viri

623 1069 758 1148 solent,
781 1070 958 1161 cordaque
974 1073 1164 1141 vulnerans
1180 1072 1337 1141 omnium
1355 1073 1478 1163 jacuit.
1493 1072 1570 1141 Nulla

624 1199 707 1268 pars
729 1176 888 1269 corporis
903 1178 991 1247 sacri
1016 1179 1052 1248 in
1073 1180 1175 1272 aquis
1195 1181 1276 1249 laesa
1300 1180 1384 1259 luit,
1405 1186 1480 1249 esto
1505 1200 1570 1270 per-

623 1286 847 1357 acutisuuois
857 1294 1008 1357 tractum
1024 1287 1296 1380 :angelisdubio
1310 1287 1434 1379 procul
1445 1287 1570 1355 mandu-

624 1406 700 1467 tum
733 1398 888 1467 numinis
923 1399 967 1467 de
1004 1398 1235 1469 custodiendo
1267 1398 1328 1469 illo
1356 1397 1568 1467 servantibus.

623 1509 759 1579 Vulnus
779 1511 912 1602 grande
941 1510 975 1579 in
1001 1510 1117 1603 capite
1140 1510 1281 1591 hiabat,
1310 1510 1512 1602 sanguinem
1531 1530 1570 1575 ro

622 1642 705 1689 rans
724 1629 759 1689 et
776 1634 967 1713 perorans,
990 1621 1076 1713 quid
1100 1620 1167 1689 sibi
1184 1620 1322 1713 prodigi
1344 1617 1569 1713 sanguinissui

622 1732 789 1803 fecissent
809 1732 895 1815 lilii3
923 1742 961 1801 ut
983 1740 1149 1824 saperent
1169 1744 1205 1803 et
1223 1732 1483 1825 intelligerent,
1509 1751 1569 1821 qua

621 1843 811 1913 novissima
829 1844 900 1913 illis
920 1852 1177 1937 superventura
1197 1845 1331 1925 forent,
1349 1843 1418 1913 nisi
1434 1842 1569 1935 poenite·

620 1962 711 2024 rent.
731 1959 823 2038 Quot
843 1956 935 2025 ictus
958 1955 1112 2025 fustibus
1140 1956 1338 2046 incorpore
1362 1954 1511 2046 accepit,
1532 1958 1569 2018 tot

619 2067 731 2159 plagae
747 2068 973 2149 rubicundae,
999 2074 1166 2159 tanquam
1191 2064 1337 2157 pretiosi
1359 2064 1522 2135 membris
1544 2062 1569 2128 ir

619 2176 710 2245 albis
730 2177 964 2271 splendebant
984 2176 1206 2247 carbunculi.
1235 2174 1362 2245 Rubrae
1382 2175 1419 2243 in
1442 2173 1522 2242 facie
1540 2192 1568 2237 at

619 2287 704 2355 alibi
739 2287 951 2358 feminarum
989 2287 1115 2357 calceis
1142 2286 1370 2377 virorumque
1410 2301 1567 2375 expressa

619 2399 748 2479 soleae,
777 2399 962 2469 solidatam
992 2398 1028 2467 in
1057 2400 1149 2467 malo
1177 2398 1366 2467 schismate
1399 2395 1569 2465 monebant

618 2510 800 2591 malitiam,
819 2518 858 2580 ut
876 2516 1152 2591 converteretur,
1170 2532 1214 2579 ne
1229 2509 1403 2579 interiret.
1419 2511 1487 2577 Nec
1500 2507 1569 2573 trus-

617 2629 673 2690 tra
693 2623 770 2692 haec
799 2622 918 2693 videre
944 2622 1170 2692 schismatici.
1201 2626 1415 2692 Memoratus
1440 2624 1570 2689 loannes

616 2733 801 2824 Chodyka,
826 2733 870 2802 ad
889 2732 1038 2803 extracti
1054 2738 1195 2825 tempus
1209 2730 1386 2823 corporis,
1411 2733 1569 2799 momento

616 2844 677 2912 illo
695 2846 816 2914 dolore
831 2844 947 2914 cordis
962 2845 1059 2913 intus
1079 2866 1098 2913 a
1113 2848 1184 2914 Deo
1200 2850 1336 2924 tactuS,
1358 2865 1440 2912 cum
1456 2847 1570 2934 specta-

617 2955 735 3025 culum
760 2956 795 3025 id
813 2955 978 3037 vidisset,
1004 2954 1157 3026 ubertim
1180 2955 1397 3045 lacrymans,
1420 2948 1569 3044 usquein

615 3071 796 3143 civitatem
829 3072 982 3142 advenit.
1009 3076 1051 3141 Et
1078 3072 1174 3163 quod
1207 3070 1373 3151 Vitebsci,
1402 3076 1499 3139 artus
1520 3063 1570 3135 viri

615 3180 676 3249 Dei
695 3182 923 3274 speculatus,
948 3183 1040 3252 intra
1060 3204 1097 3251 se
1121 3181 1296 3261 decrevit,
1324 3178 1493 3259 Polociae,
1516 3195 1569 3245 um

616 3298 697 3383 post
729 3292 949 3363 hebdomade
979 3293 1159 3386 praestitit.
1189 3292 1332 3384 Ejurato
1359 3291 1456 3361 enim
1482 3287 1570 3357 schis-

615 3412 728 3486 mate,
751 3406 1001 3476 conscientiam
1014 3406 1230 3499 poenitentiae
1246 3410 1468 3475 sacramento
1479 3401 1568 3476 eluit,

615 3524 650 3587 et
676 3540 810 3587 sacram
832 3518 991 3610 synaxim
1017 3518 1053 3587 in
1073 3518 1241 3588 cathedra
1263 3517 1447 3609 losaphati
1466 3533 1571 3584 susce-

614 3629 679 3720 pit.
698 3633 768 3699 Nec
791 3630 855 3698 ulli
880 3631 1030 3701 salutem
1055 3652 1154 3700 suam
1180 3630 1256 3723 ipse
1281 3630 1382 3701 testis
1402 3632 1526 3699 horum
1544 3625 1571 3691 in

615 3761 800 3831 processu,
827 3739 894 3809 nisi
915 3740 1046 3810 insonti
1066 3739 1329 3832 archipraesulis
1351 3736 1513 3830 sanguini
1528 3733 1572 3803 ad·

614 3853 780 3944 scriptam
810 3854 922 3925 voluit
944 3878 951 3923 ε
974 3854 1100 3946 jugulo
1135 3854 1179 3924 ab
1209 3854 1290 3923 inde
1327 3875 1391 3922 suo
1421 3853 1571 3922 unionem

614 3970 791 4043 sanctam,
826 3970 867 4033 ut
900 3964 1035 4044 aiebat,
1065 3964 1287 4033 defensurus.
1315 3962 1417 4054 lmpii
1445 3976 1571 4053 quoque

613 4077 749 4158 sicarii,
769 4100 848 4147 cum
865 4077 1152 4149 execrationibus
1171 4076 1226 4147 sui
1245 4075 1412 4145 facinoris
1427 4074 1572 4167 copiosos
