3259 5484
459 631 638 701 -63-

60 786 395 874 nesziahilevicz,
408 787 582 880 optimum
597 787 749 869 unitum,
760 788 884 860 tollere
896 788 1030 868 volens,

58 900 218 990 praetorii
231 907 368 992 portam
384 900 545 971 occlusit.
560 901 628 971 Sed
641 900 775 970 medios
790 900 883 970 inter
900 922 920 969 a
935 900 1032 969 nullo

57 1010 152 1080 visus
173 1012 305 1093 evasit;
322 1033 387 1081 nec
406 1012 482 1104 ipse
503 1012 650 1105 insuper
663 1017 828 1093 noverat,
843 1034 914 1103 quo
929 1018 1032 1103 pacto

56 1122 224 1191 manibus
247 1128 392 1215 ereptus
417 1122 733 1204 tumultuantium,
752 1123 868 1193 medio
895 1122 930 1191 in
955 1124 1031 1192 foro

56 1233 269 1304 miraculose
294 1236 545 1326 comparuerit.
590 1236 634 1303 llt
666 1235 885 1326 Nicephorus
918 1238 1032 1324 llryc-

54 1343 211 1424 kievicz,
233 1345 419 1437 presbyter
433 1345 647 1415 cathedralis
658 1344 869 1425 polonensis,
886 1348 1031 1413 aloan-

54 1478 96 1525 ne
105 1456 285 1548 Chodyka,
295 1458 410 1526 adbuc
424 1457 502 1549 ipso
510 1456 746 1537 schismatico,
761 1463 841 1549 post
849 1455 1031 1548 iosaphati

53 1574 206 1638 mortem
235 1590 318 1638 vero
342 1569 442 1638 unito
464 1574 501 1639 et
526 1569 690 1650 consule,
729 1575 832 1639 caute
865 1570 1026 1650 eductus,

55 1701 96 1748 ne
110 1679 154 1749 ab
169 1680 370 1752 insaniente
386 1680 520 1773 periret
532 1681 772 1751 multitudiue.
784 1681 852 1751 Alii
865 1702 946 1751 vero
962 1684 1030 1750 huc

55 1790 136 1860 illuc
159 1790 379 1872 dilabentes,
394 1795 465 1861 Deo
480 1798 700 1884 protegente,
716 1792 855 1862 salvati.
877 1796 1031 1861 Fuerant

54 1905 174 1974 eodem
184 1903 359 1975 seditione
369 1905 449 1975 duae
459 1903 1026 1995 teminae,cumsacrilegiscultris

55 2021 174 2111 plures
189 2021 269 2091 aliae
280 2042 360 2091 cum
374 2020 542 2090 corbibus
554 2020 711 2113 lapidum
726 2021 840 2113 plenis
862 2020 1031 2090 suborna-

56 2142 121 2211 tae,
144 2138 186 2200 ut
206 2131 276 2201 illae
289 2131 429 2202 bestiali
442 2131 582 2201 laniena
595 2185 604 2212 ‚
618 2132 673 2202 bae
684 2132 897 2223 lapidatione
909 2131 1031 2200 barba·

54 2239 730 2332 rica,tollerentlosaphatum.Nondum
741 2240 1029 2310 tamenvenienle

56 2350 128 2441 ejus
149 2352 264 2430 bora,
296 2351 466 2420 meditata
488 2351 596 2442 impia
627 2352 796 2442 perticere
823 2351 1026 2444 nequivere.

96 2474 165 2541 Nec
184 2470 319 2541 veroin
333 2472 400 2540 hoc
414 2492 458 2540 ex
474 2470 581 2539 tantis
595 2470 763 2561 periculis
778 2470 906 2550 reditu,
925 2468 1030 2539 comi‘·

57 2581 136 2650 tatis
154 2603 231 2652 suae
245 2586 280 2651 et
294 2581 398 2650 irasci
415 2581 543 2652 neseiae
556 2581 685 2651 mentis
698 2581 830 2651 oblitus
842 2584 1026 2674 iosaphat,
1055 2612 1164 2667 scupus
1180 2611 1299 2667 nugaria.

56 2692 175 2762 obvios
195 2714 215 2762 e
238 2692 440 2784 parricidia,
468 2692 556 2761 alios
580 2692 710 2762 blando
736 2691 912 2784 alloqui0,
941 2692 1028 2762 alios
1110 2674 1243 2718 ΝΜ·

56 2803 219 2895 amplexu
235 2808 401 2895 paterne,
425 2803 514 2872 alios
528 2803 649 2874 osculo
671 2803 839 2895 pastorali
854 2804 1030 2895 dignaba-

59 2921 128 2995 tur,
155 2922 194 2985 et
216 2914 305 2983 nibil
318 2915 387 2984 nisi
407 2937 573 2985 unionem
589 2916 696 2985 etiam
712 2921 788 2985 tum
803 2915 1023 2986 exacerbatis

57 3024 210 3094 stillabat
234 3024 371 3094 animis.
399 3026 564 3118 Adeoque
593 3026 678 3096 telix
703 3026 814 3118 ipsius
830 3025 1029 3118 benignitas

57 3136 194 3218 luerat,
225 3144 266 3205 ut
287 3137 474 3229 primarios
512 3144 630 3207 motus
661 3138 764 3207 istius
792 3144 953 3207 auctores
983 3139 1026 3207 ad

57 3249 221 3318 unionem
252 3250 450 3341 pellexerit.
483 3255 634 3321 loannes
676 3251 769 3321 enim
808 3250 1023 3321 Terlikovski
1053 3265 1298 3312 commoneamu-

55 3361 184 3453 aliique
208 3385 273 3432 sua
307 3369 432 3454 sponte
455 3362 554 3433 brevi
576 3364 619 3432 od
641 3364 758 3432 aulam
778 3363 873 3455 ejus,
910 3364 1027 3433 auimo
1080 3331 1211 3447 {usfawm
1232 3331 1298 3375 Μ’

55 3478 264 3565 praestandae
279 3499 408 3547 venere
432 3477 655 3547 obedientia.
682 3482 775 3559 Quos
801 3500 882 3547 cum
912 3478 1026 3547 media

54 3588 140 3657 aulae
156 3609 240 3657 area
263 3587 526 3680 conspexisset,
553 3588 794 3659 misericordia
815 3595 932 3658 motus
952 3596 1023 3670 est,

54 3704 88 3767 et
102 3721 251 3770 currens
264 3700 390 3770 cecidit
403 3722 511 3793 super
525 3700 615 3770 colla
629 3722 768 3781 eorum,
785 3700 941 3771 suaviter
956 3724 1027 3769 am-

54 3812 216 3903 plexatus
242 3821 277 3884 et
298 3814 479 3884 osculatus
506 3824 561 3884 est
583 3836 643 3883 eos
671 3839 678 3884 :
705 3814 868 3907 filiosque
890 3815 1027 3885 carissi·

54 3950 125 3998 mos
156 3930 350 4002 identidem
384 3930 565 4012 vocitans,
592 3931 790 4024 blandeque
815 3932 1023 4012 consolans,

54 4038 125 4131 ipse
139 4042 255 4112 laetior
269 4064 377 4135 quam
389 4041 458 4111 dici
478 4049 541 4112 aut
562 4042 704 4135 concipi
720 4049 857 4134 posset,
874 4064 1026 4112 exnunc
