3259 5484
484 710 665 781 ..69-

84 866 167 958 cipis
193 866 319 958 pietati
351 867 630 936 adscribendam.
660 869 759 951 Quod
792 869 821 937 si
854 867 968 960 pluris
990 868 1060 949 illi,

83 1002 185 1071 quam
229 980 405 1048 catholica
439 981 522 1049 unio
549 981 836 1061 estimarentur,
868 1002 1062 1072 eorumque

82 1092 252 1160 voluntati
277 1097 408 1183 praeter
428 1092 490 1161 Dei
509 1092 726 1161 voluntatem
747 1091 1059 1171 obsecundaretur,

81 1204 340 1283 verendumne,
357 1204 655 1295 quemadmodum
671 1204 826 1296 populus
841 1204 902 1274 Dei
913 1226 974 1295 per
990 1204 1065 1273 Phi-

82 1315 239 1396 listaeos,
275 1316 408 1408 quibus
437 1316 657 1396 indulserat,
694 1317 743 1384 ita
770 1315 971 1407 respublica
1000 1337 1063 1407 per

82 1428 221 1498 cosdem
258 1429 422 1520 palpatus
462 1428 638 1520 plectatur
676 1432 836 1497 Cosacos.
885 1433 1062 1519 Posseque

80 1562 265 1630 resurgere
303 1541 340 1608 in
376 1540 654 1633 rempublicam,
691 1542 801 1610 factas
834 1548 915 1610 ante
950 1540 1070 1633 ipsam¹

82 1652 245 1722 unionem
275 1654 477 1723 schismatis
500 1661 537 1724 et
561 1655 738 1723 variarum
771 1662 947 1724 sectarum
972 1675 1063 1723 eon-

81 1764 305 1855 spirationes.
319 1765 518 1835 Aeneidem
531 1766 566 1833 in
578 1765 774 1858 patriafiat,
790 1765 885 1857 quod
895 1765 929 1832 in
939 1765 1062 1834 Silesia

79 1881 113 1943 et
125 1876 222 1956 alibi,
237 1877 574 1968 pertimescendum.
588 1880 797 1946 Cosacorum
811 1875 1034 1945 insolentiam
1048 1929 1057 1956 ,

80 1990 219 2059 unionis
244 1991 450 2060 discrimine
474 2012 544 2058 non
571 1989 824 2069 cohibendam,
854 1989 915 2057 sed
938 1987 1061 2057 dissol-

81 2104 249 2186 vendam3
286 2103 505 2195 quinetiam
539 2103 788 2193 postmodum,
827 2122 943 2193 neque
978 2122 1061 2169 con·
1140 2154 1142 2159 .

80 2214 277 2296 scientiam,
294 2237 410 2307 neque
424 2219 535 2284 Deum
550 2213 756 2293 Dominum,
776 2234 892 2304 neque
915 2217 1059 2281 unctum

79 2328 153 2418 ejus
172 2336 401 2409 curaturam,
433 2351 474 2398 ao
489 2328 592 2421 plura
611 2327 673 2396 illo
686 2328 866 2418 quondam
884 2325 1057 2418 perduelli

79 2441 309 2510 Nalevaieone
325 2463 503 2512 ausuram.

122 2557 203 2622 llaec
224 2552 313 2621 1622
335 2575 355 2620 a
380 2552 483 2621 beato
508 2557 662 2642 martyre
689 2550 820 2641 scripta
840 2555 924 2617 sunt
951 2570 1055 2617 anno.

80 2666 118 2730 Et
131 2665 227 2755 quod
249 2664 391 2733 tandem
415 2662 614 2755 ingratiam
631 2663 810 2732 exercitus
829 2660 1058 2754 Zaporoviani

80 2774 261 2843 schismati
275 2775 509 2867 sequentibus
524 2775 661 2844 indulta
675 2797 744 2843 non
761 2782 844 2844 sunt
860 2775 986 2843 annis‘l
999 2780 1059 2845 Ca-

1095 2562 1155 2605 lactis
1171 2559 1321 2617 comprobata.

80 2886 203 2954 thedra
218 2885 417 2955 Kioviensis
431 2885 703 2977 metropolitana
726 2895 907 2966 concessa,
930 2890 1059 2956 Lueeo-
1118 2880 1123 2893 '

80 2994 205 3064 riensis
230 3002 268 3066 el
282 2997 550 3088 Premysliensis
571 2998 796 3090 episcopatus
810 2998 943 3077 traditi,
962 3000 1060 3069 Polo·

80 3108 194 3176 censis
226 3108 553 3200 archiepiscopatus
581 3109 716 3178 divisus
736 3110 1058 3202 hlstislavensisque

80 3219 307 3311 episcopatus
322 3229 483 3301 ereetus;
505 3226 558 3289 tot
573 3220 609 3288 in
633 3226 732 3290 tanta
747 3222 911 3292 vastitate
926 3222 1059 3291 Russiae

83 3351 145 3419 per
159 3330 250 3398 alias
264 3330 436 3400 dioeceses
451 3332 591 3400 donatae
601 3331 770 3412 ecclesiae,
789 3339 830 3400 ut
842 3354 912 3424 pax
928 3332 965 3399 in
984 3333 1058 3401 die-

80 3438 145 3508 bus
169 3441 304 3509 nostris
315 3442 428 3510 fieret.
444 3442 534 3523 Quid
547 3463 648 3533 ergo,
667 3442 803 3533 sopitus
820 3464 863 3512 ne
879 3442 985 3534 ignis,
1003 3443 1059 3513 ci-

81 3552 155 3620 neri
169 3554 380 3645 suppositus
395 3554 545 3622 doloso‘l
561 3561 656 3623 certe
673 3555 776 3646 juxta
792 3555 1057 3646 praedictionem

78 3665 273 3756 losaphati,
290 3666 334 3734 ab
363 3688 456 3735 anno
475 3666 562 3735 1648
581 3666 617 3733 in
632 3669 723 3736 hanc
744 3689 857 3758 usquc
871 3674 1059 3760 tempesta-

81 3779 171 3854 tem,
196 3798 289 3867 quos
317 3798 382 3844 nos
401 3785 590 3845 centauros
619 3799 839 3869 pegasosque
867 3778 1058 3848 viderimus

82 3891 356 3969 Tartarorum,a
369 3890 534 3981 gratiosis
545 3890 621 3959 istis
637 3890 810 3960 militibus
821 3892 1058 3962 intermissos?

83 4002 165 4079 Quae
179 4023 252 4069 non
268 4008 468 4070 monstrosa
482 4003 573 4070 mala
594 4001 638 4069 ab
658 4002 727 4070 illis
752 4003 839 4095 ipsis
858 4005 962 4073 matri
985 4026 1057 4072 suae

87 4108 334 4203 inrectalper
360 4112 457 4204 ipsos
478 4111 564 4181 atris
585 4116 781 4182 Moseorum
805 4114 944 4205 aquilis,
970 4114 1061 4183 Mol-
