3259 5484
481 652 682 720 -ll'i-

103 817 230 873 structas
241 810 274 871 in
284 808 395 873 odium
410 809 483 872 fidei
492 818 524 871 et
535 810 664 872 unionis
672 811 835 873 cmhoticae
850 828 906 892 per
916 810 1072 893 iosaphat

102 909 243 991 prolcssae
250 910 385 995 probare
393 910 539 974 videntur
551 911 853 994 testesquamplures
861 912 893 973 in
908 930 1066 994 processu.

136 1022 177 1083 lle
191 1021 266 1085 odio
287 1021 418 1103 quidem
434 1021 599 1103 deponunt
609 1030 702 1084 testes
720 1022 753 1084 in
766 1028 906 1089 Processu
919 1023 1073 1085 Polocensi

100 1125 145 1197 32,
157 1124 269 1187 consul
281 1123 528 1198 Poloceusis‚'10,
541 1128 591 1198 ll,
608 1129 658 1197 90,
674 1128 725 1198 st,
744 1128 811 1198 tot,
822 1128 1002 1206 quorum'll
1016 1124 1070 1199 ait,

100 1241 129 1283 se
143 1222 237 1285 luisse
249 1223 282 1284 id
298 1232 464 1306 expertum
475 1224 717 1287 descendentem
730 1243 805 1287 cum
823 1225 1070 1306 archiepiscopo,

99 1343 175 1407 quos
183 1326 375 1387 schismatici
388 1324 550 1407 lapidibus
559 1326 743 1407 impetentes
749 1323 946 1386 clamabant:
959 1323 1072 1400 Occide,

97 1426 254 1507 sodmerqe,
272 1427 360 1509 fidem
374 1436 507 1488 nostram
519 1426 671 1488 sublaturi
685 1426 815 1501 ueniunt,
827 1426 959 1508 aliisque
973 1426 1074 1489 modis

99 1538 126 1589 et
138 1528 263 1609 injuriis
276 1529 512 1591 insectabantur
520 1550 530 1605 3
546 1538 578 1591 et
591 1538 684 1591 testes
695 1532 729 1590 31
746 1537 777 1590 et
788 1533 824 1590 'tt
841 1538 981 1601 narrant,
997 1546 1074 1591 oon-

99 1632 233 1696 sucvisse
247 1632 463 1695 schismaticos
479 1632 666 1693 maledicere
678 1631 819 1704 antistiti,
833 1630 1074 1694 vocandoillum

99 1732 1076 1816 animarumprmdouemetraptorcm,quodansamillipraebuit

98 1836 171 1899 olim
186 1835 419 1918 respondendi:
433 1838 528 1899 Facit
538 1838 681 1898 Dominus
690 1837 778 1911 oete,
792 1845 827 1897 ut
841 1838 954 1899 animos
965 1844 1076 1897 vestros

98 1937 211 2019 copiam
227 1946 256 1999 et
270 1938 301 1997 in
315 1938 419 1999 cotum
431 1938 570 2000 deducam
584 1957 591 1997 t
608 1938 660 1999 oui
674 1937 892 2000 schismaticus
906 1960 912 1999 ε
925 1936 1075 2017 Siccaqu-

99 2040 215 2103 loberis.
240 2040 390 2118 subdidit
412 2041 518 2116 otiam,
543 2040 716 2121 aliquando
731 2042 1005 2123 archiepiscopum
1019 2058 1076 2121 per

99 2142 314 2205 schismatioos
346 2142 510 2223 depictum
542 2142 638 2205 luisse
672 2143 732 2205 sub
760 2142 914 2205 daemonis
942 2160 1076 2224 persona

99 2244 351 2325 peracutisuucis
361 2245 484 2319 animas
493 2243 961 2320 adinierostrabentem,addita
971 2262 1077 2325 super-

99 2349 267 2429 scriptione
284 2348 432 2410 idiomate
457 2349 593 2410 rutheno
613 2348 802 2423 duszortoct,
818 2350 878 2412 hoo
900 2358 945 2411 est
958 2350 1076 2411 ocimo-

98 2469 161 2511 rcm
173 2449 289 2531 proedo.
311 2450 368 2525 Et,
387 2449 474 2530 quod
494 2458 588 2529 auget
609 2449 674 2512 odii
690 2450 920 2532 probationem,
935 2451 1076 2532 ipsorum

98 2558 370 2631 schismaticorum
397 2557 636 2638 conjuratorum
650 2566 760 2619 contra
771 2558 980 2638 iosaphaturn
995 2556 1077 2619 iacta

98 2658 154 2721 luit
165 2660 349 2741 descriptio,
358 2670 389 2721 et
402 2662 518 2740 singuli
530 2662 760 2724 solverunttres
771 2680 895 2741 grossos
900 2662 1075 2744 polonicos,

98 2772 132 2825 ut
155 2765 188 2825 in
210 2764 284 2827 albo
299 2764 523 2826 abominabilis
549 2764 791 2845 conspirationis
811 2763 1075 2840 describerentur,

99 2878 131 2929 ut
144 2870 308 2947 signanter
319 2867 396 2930 dicit
411 2868 495 2929 testis
510 2871 559 2937 to,
575 2868 609 2927 iu
625 2868 764 2928 Processu
779 2868 943 2930 Polocensi.

135 2972 178 3033 lle
190 2971 287 3033 minis
298 2970 407 3034 mortis
417 2971 512 3033 illatis
527 2972 772 3053 archiepiscopo,
783 2972 845 3033 nisi
858 2971 1025 3034 destitisset
1037 2972 1077 3034 ab

96 3075 214 3140 unione
242 3073 475 3155 promovenda,
504 3074 670 3156 deponunt
706 3075 739 3137 in
768 3076 908 3139 Processu
924 3077 1078 3140 Polocensi

99 3185 190 3238 testes
219 3180 273 3250 ts,
299 3176 377 3238 olim
396 3176 560 3239 familiaris
576 3178 728 3259 iosaphat
748 3177 787 3239 de
811 3179 921 3241 auditu
937 3179 977 3241 ab
1003 3180 1078 3261 ipsis

98 3282 322 3355 schismaticis,
347 3280 530 3342 dolentibus
562 3300 594 3341 se
624 3270 689 3343 non
713 3281 863 3345 occidisse
886 3282 978 3343 illum
1005 3289 1078 3344 ante

97 3406 221 3449 annum
236 3389 331 3459 16233
348 3395 379 3447 et
391 3390 426 3447 rt
445 3404 482 3447 ac
494 3390 533 3448 '19
548 3385 604 3467 qui
620 3385 673 3459 ait,
689 3376 804 3446 dixisse
824 3384 902 3447 olim
921 3385 1076 3465 arehiepir

97 3507 245 3570 scopum:
258 3488 340 3565 Scio,
355 3488 433 3570 qood
442 3508 487 3549 me
501 3489 592 3549 uelint
602 3488 740 3556 occidere.
758 3488 809 3549 sed
820 3496 848 3549 et
858 3497 972 3549 sanctos
974 3496 1078 3569 potres

94 3613 149 3672 pro
163 3594 295 3655 veritate
309 3592 413 3652 occisos
428 3611 487 3653 esse
499 3592 568 3653 scio.

137 3706 183 3770 lle
199 3702 333 3776 insidiis,
354 3702 545 3763 tumultibus
568 3710 599 3763 et
622 3700 839 3773 seditionibus,
870 3718 951 3782 saepe
965 3703 1078 3783 saepius

96 3826 153 3888 per
167 3807 388 3869 schismaticos
407 3815 517 3869 eontra
538 3824 665 3867 servum
683 3806 737 3866 Dei
752 3806 908 3883 excitatis,
935 3816 1078 3870 constare

96 3911 230 3975 videtur
236 3930 275 3972 ex
288 3910 485 3991 depositione
503 3910 644 3992 plurium
659 3909 796 3971 testium.
965 3913 968 3917 ’

95 4077 99 4082 .
136 4018 258 4088 Primo,
281 4016 342 4077 sub
355 4016 439 4079 dieti
456 4015 579 4101 augusti
595 4017 684 4089 ilici,
699 4014 733 4074 in
758 4012 891 4075 ecclesia
913 4014 1078 4094 collegiata

95 4122 309 4203 Vitebsoensi,
325 4117 851 4203 sacraoperaturusaschismatiois
863 4119 1077 4201 tautoimpetu

867 4227 869 4233 ’
955 4222 989 4277 tt
