3259 5484
977 698 1158 772 ..46-

581 857 644 951 qui
672 859 862 951 rapuisset.
891 863 1003 942 Quem
1019 882 1100 930 cum
1120 881 1244 930 omnes
1257 859 1393 953 absque
1413 882 1558 953 praepe-

582 966 739 1036 dimento
753 966 1059 1060 absumpsissent,
1078 969 1223 1060 maligni
1234 969 1407 1038 daemonis
1424 991 1555 1062 opera,

582 1075 726 1169 quidam
750 1099 840 1171 puer
864 1078 1039 1170 deglutire
1071 1079 1170 1149 illum
1194 1077 1399 1148 nullatenus
1424 1077 1554 1169 potuit.

582 1190 792 1259 Conclusum
828 1189 975 1281 proinde
1009 1189 1110 1258 illum
1152 1188 1377 1281 surripuisse.
1411 1188 1558 1258 Enotuit

582 1300 787 1394 superstitio
800 1299 875 1369 viro
889 1300 973 1381 Dei,
988 1307 1027 1370 et
1040 1300 1244 1370 auctoribus
1254 1300 1463 1392 gravissime
1475 1322 1560 1370 cor-

583 1410 717 1503 reptis,
749 1431 901 1502 puerum
941 1411 1092 1482 liberum
1125 1410 1383 1504 pronunciavit.
1413 1410 1559 1480 lnterim

585 1523 669 1592 dum
684 1526 755 1592 Deo
767 1543 842 1592 rem
857 1523 1065 1604 committit,
1082 1523 1174 1592 alins
1187 1523 1394 1615 propalatus
1407 1523 1559 1592 menda-

586 1655 662 1704 cem
681 1633 844 1726 spiritum
859 1634 1022 1704 falsitatis
1036 1635 1206 1726 coarguit.
1222 1635 1381 1726 Denique
1408 1633 1556 1704 unirer-

587 1766 661 1814 sam
682 1745 826 1813 domum
858 1767 958 1814 suam
977 1745 1174 1815 sanctitatis
1201 1745 1394 1815 sacrarium
1418 1745 1556 1816 efficere

587 1855 791 1925 enixusest.

630 1969 668 2034 ln
692 1963 963 2034 solemnioribus
983 1965 1167 2037 Societatis
1185 1971 1266 2036 lesu
1286 1989 1366 2036 cum
1387 1967 1463 2036 suis
1476 1973 1557 2034 stu-

586 2074 684 2146 diose
698 2074 818 2143 adibat
833 2075 1005 2166 templum
1022 2098 1030 2143 :
1052 2083 1089 2146 et
1105 2075 1342 2146 venerabilem
1358 2076 1558 2168 processio-

315 2219 560 2267 goefflfflmffia
587 2187 642 2255 nis
674 2207 755 2257 cum
787 2186 906 2256 divino
933 2207 1080 2279 corpore
1107 2209 1272 2280 pompam
1301 2188 1377 2281 ipse
1402 2209 1558 2280 praesens

418 2287 460 2326 ²¹¹³·
587 2297 766 2389 augebat:
790 2297 839 2367 ita
861 2305 902 2366 ut
935 2299 1085 2368 llntbeni
1113 2300 1236 2368 eodem
1263 2306 1555 2376 consuescerent,

588 2430 840 2501 sacrorumque
861 2409 1124 2480 uenerationem
1152 2411 1286 2480 rituum
1318 2411 1556 2501 conciperent.

586 2520 741 2589 Familiae
754 2519 938 2589 societatis
953 2528 1072 2590 tenere
1083 2520 1262 2601 addictus,
1278 2519 1560 2590 obtrectantibus

587 2632 620 2700 ei
630 2631 807 2702 referebat
822 2655 830 2700 :
847 2630 922 2701 solo
936 2653 974 2700 se
988 2631 1196 2702 indumento
1210 2631 1256 2700 ab
1269 2631 1330 2701 illa
1341 2631 1475 2711 dirimi,
1489 2653 1561 2700 non

587 2741 726 2826 animo;
750 2741 1023 2813 sollicitudinem
1048 2743 1266 2824 animarum,
1291 2744 1499 2812 charitatem
1526 2743 1561 2810 in

587 2861 696 2927 Deum
718 2856 959 2949 pietatemque
984 2856 1096 2948 ipsius
1119 2857 1300 2950 suspicere
1315 2879 1355 2926 ac
1376 2856 1558 2936 aemulari3

587 2988 769 3058 unumque
788 2988 866 3038 esse
880 2987 961 3036 cum
976 2966 1056 3049 illa;
1073 2967 1212 3036 bostem
1228 2967 1326 3058 ejus,
1351 2987 1455 3036 suum
1471 2965 1562 3035 bos-

588 3087 659 3149 tem
673 3103 681 3162 ;
698 3084 734 3150 et
744 3079 932 3172 desperare
946 3100 985 3147 sc
1005 3079 1129 3148 talium
1142 3080 1304 3160 salutem,
1319 3078 1562 3170 reprobosque

587 3210 752 3269 censere,
770 3188 832 3280 qui
842 3189 995 3282 maligno
1013 3210 1091 3258 eam
1106 3191 1212 3260 dente
1227 3190 1403 3258 roderent.

630 3317 756 3384 Munus
766 3311 817 3382 rei
831 3311 1013 3382 familiaris
1025 3313 1257 3405 procurandae
1269 3312 1360 3392 aliis,
1377 3311 1439 3381 sed
1451 3310 1564 3381 fideli-

589 3430 661 3494 tate
698 3423 898 3514 conspicuis
928 3423 1153 3515 imponebat,
1185 3428 1226 3492 nt
1247 3423 1324 3516 ipse
1359 3421 1564 3493 coelestibus

590 3536 736 3606 liberius
748 3534 959 3626 invigilaret.
972 3534 1133 3605 Pecuniae
1145 3533 1290 3604 minime
1303 3534 1500 3612 studiosus,
1520 3556 1564 3601 ne

331 3686 404 3732 aaa,
417 3686 464 3742 ejus
473 3683 549 3740 uana
590 3648 732 3740 quidem
744 3652 932 3716 attrectare
946 3667 1024 3716 eam
1036 3646 1229 3716 consuevit.
1246 3649 1379 3715 Census
1391 3645 1564 3736 pauperi-

365 3748 518 3792 ⁰¹¹¹¹¹⁸¹¹M¹'¹⁸·
590 3760 656 3829 bus
682 3758 833 3828 subditis
866 3758 976 3827 satius
1009 3758 1211 3838 remittere,
1245 3779 1353 3849 quam
1381 3757 1564 3848 imponere

589 3876 735 3946 studuit.
752 3879 838 3945 Cum
853 3873 988 3966 aliquid
1000 3894 1186 3942 muncrum
1200 3871 1267 3940 sibi
1280 3872 1486 3949 offerretur,
1513 3894 1566 3940 re-

589 3987 737 4056 stituere
749 3984 926 4078 paratior,
948 4003 1057 4076 quam
1079 3982 1249 4074 accipere.
1263 3986 1336 4051 lmo
1354 3982 1399 4052 <le
1420 3983 1566 4073 proprio

589 4097 794 4190 pauperiem
832 4115 955 4166 eorum
1001 4092 1206 4173 sublevare,
1256 4091 1345 4162 nibil
1382 4091 1566 4183 antiquius
