3259 5484
956 710 1157 785 „sss-

567 872 726 955 martyrio.
754 872 822 937 imo
848 872 1024 939 addebatur
1046 872 1087 939 ab
1108 873 1272 955 agentibus
1293 892 1352 959 pro
1369 876 1539 941 venei-abili

565 978 727 1060 losapbat,
742 978 775 1041 in
781 997 858 1043 easu
864 980 1054 1062 proesentier
1062 978 1257 1063 depositione
1264 980 1541 1064 etiamjudoorum

566 1090 598 1145 et
618 1082 889 1147 schismatieorum
913 1084 1120 1149 sufficientem
1139 1085 1295 1147 resultare.
1309 1085 1539 1167 probationem,

567 1184 644 1267 quia
653 1185 687 1247 in
697 1184 917 1251 iaveremtidei
932 1188 1028 1251 etiam
1038 1188 1176 1253 baeretici
1188 1198 1220 1252 et
1226 1188 1323 1271 jndaei
1333 1189 1541 1253 admittuntur

566 1288 607 1353 ad
626 1290 843 1353 testimonium
867 1290 1057 1367 iaciendum,
1076 1300 1112 1356 ut
1132 1294 1291 1377 rescripsit
1301 1294 1479 1359 Alexander
1492 1295 1543 1368 tv,

566 1390 599 1453 in
614 1408 685 1473 eap.
709 1392 888 1474 insererem
908 1393 999 1475 fidei,
1021 1402 1053 1457 et
1071 1413 1142 1477 cap.
1165 1394 1278 1459 Contra
1294 1396 1488 1473 christianes,
1510 1396 1542 1462 de

470 1562 478 1571 ,
569 1496 728 1571 toemticis,
753 1498 787 1561 in
808 1502 849 1573 6,
873 1507 909 1562 ut
932 1517 1027 1581 supra
1045 1500 1141 1563 etiam
1156 1500 1258 1565 suerat
1272 1501 1541 1575 animadversum

566 1608 598 1661 et
611 1599 794 1681 hujusmodi
809 1607 902 1663 testes
919 1601 1051 1665 omnino
1065 1602 1213 1685 supplere
1222 1611 1253 1664 et
1269 1602 1415 1687 probare,
1427 1602 1543 1687 Junetis

566 1704 753 1767 testimoniis
774 1704 1021 1769 christianorum
1043 1713 1075 1768 et
1095 1705 1542 1789 presumptionibnsmonsu-

566 1806 694 1869 luerunt
720 1806 853 1871 Gravett.
883 1824 971 1871 eons.
1009 1811 1070 1881 73,
1100 1811 1254 1871 nunniti
1281 1814 1312 1871 et
1336 1824 1401 1889 seq.
1431 1805 1541 1871 Osaeb

565 1904 660 1971 deeis.
676 1912 726 1982 ¹12,
739 1927 828 1971 num.
846 1914 876 1971 5.
889 1908 1001 1971 dffliot.
1017 1908 1112 1973 decis.
1131 1914 1201 1985 itt,
1218 1926 1307 1973 num.
1319 1912 1349 1983 3,
1364 1917 1395 1971 et
1416 1906 1543 1971 fortasse

565 2010 629 2073 diei
654 2020 776 2093 potest:
791 2012 944 2095 iosaphat
962 2020 1030 2075 erat
1051 2012 1118 2085 iux,
1138 2010 1193 2075 sed
1215 2011 1351 2075 tenebrae
1370 2010 1459 2075 illam
1481 2027 1543 2073 nen

565 2115 885 2198 eomprehenderunt‚
903 2123 935 2179 et
955 2116 987 2178 in
1004 2114 1209 2179 multitudine
1230 2113 1355 2178 virtutis
1374 2132 1440 2177 sum
1459 2131 1543 2177 rnen·

567 2218 614 2281 titi
624 2226 700 2280 sunt
713 2218 743 2279 ei
757 2217 878 2280 inimici
889 2218 949 2281 sui.

605 2318 651 2383 Ad
667 2318 843 2383 seeundum
853 2318 1121 2403 respondebatur:
1141 2324 1244 2391 testes,
1258 2316 1314 2399 qui
1330 2316 1459 2379 fuerunt
1471 2333 1542 2398 prae

565 2428 668 2483 sentes
682 2420 731 2495 iis,
742 2418 907 2502 quaefacta
921 2428 1005 2495 sunt,
1017 2428 1048 2483 et
1059 2438 1130 2501 quar
1140 2416 1320 2483 immediate
1334 2436 1426 2482 sensu
1439 2435 1542 2499 corpe
1620 2460 1621 2483 t

565 2524 609 2587 ris
621 2524 851 2607 percipiuntun
875 2542 939 2589 non
955 2524 1055 2587 teneri
1076 2522 1153 2587 dieti
1167 2524 1217 2587 sui
1228 2520 1541 2594 rationemreddere,

565 2629 644 2696 alios
655 2646 730 2693 vero
740 2628 877 2691 testesde
885 2627 1012 2710 publiea
1022 2644 1099 2692 vore
1110 2636 1141 2691 et
1156 2627 1240 2691 fama
1254 2626 1384 2691 reddere
1395 2626 1543 2689 sufficien·
1620 2650 1621 2683 1

565 2738 629 2793 tem
640 2730 808 2805 rationem,
823 2737 859 2792 ut
873 2728 954 2793 inira
969 2729 1104 2795 dicetur.

604 2838 694 2915 Quod
703 2860 778 2905 vero
787 2840 828 2904 ad
843 2842 1064 2925 probationem
1073 2858 1176 2905 eausa
1187 2842 1341 2923 martyrii,
1354 2840 1394 2905 ad
1404 2840 1540 2923 primum

564 2941 722 3021 objeetnm
736 2943 998 3026 respondebatur,
1008 2944 1229 3026 probationem
1240 2962 1304 3007 non
1316 2942 1430 3006 deduci
1440 2941 1540 3005 solum

564 3061 603 3105 ex
623 3044 686 3108 illis
699 3044 826 3109 duobus
837 3046 980 3123 testibus,
996 3046 1061 3109 into
1084 3064 1179 3127 super
1193 3053 1270 3107 teste
1280 3049 1294 3107 t
1304 3061 1452 3127 processus
1460 3042 1540 3104 urbis

564 3147 687 3210 nuliam
700 3148 851 3211 eonstitui
864 3166 955 3230 posse
967 3148 1048 3222 rim,
1066 3147 1187 3229 quippe
1201 3145 1287 3228 quod
1303 3147 1389 3209 iilius
1400 3144 1540 3208 validitas

564 3250 871 3317 nenadminebatur.
884 3251 937 3315 sed
948 3251 1158 3314 substantiam
1169 3250 1365 3333 probationis
1374 3248 1539 3312 consistere

564 3353 596 3414 in
611 3354 682 3416 aliis
694 3354 805 3417 decem
819 3362 1004 3435 etquattuor,
1017 3362 1048 3415 et
1058 3352 1204 3437 pluribus
1216 3352 1347 3415 testibus
1359 3350 1539 3432 singillatim

563 3459 755 3541 ponderatis,
771 3458 850 3521 dum
865 3477 962 3540 supra
976 3458 1143 3521 retulimus
1156 3456 1319 3520 Sanctitati
1333 3456 1458 3528 Vestrae,
1471 3470 1538 3534 quae

563 3560 800 3624 deducebantur
813 3578 872 3643 pro
883 3560 1084 3643 justificanda
1104 3578 1200 3623 eausa
1215 3560 1372 3641 martyrii,
1388 3561 1403 3641 g
1418 3558 1538 3621 Caesam
1619 3592 1620 3601 κ

565 3683 631 3725 vero
645 3664 761 3725 mortis.

603 3769 651 3832 Ad
660 3770 835 3833 meandum
848 3770 1007 3852 objeetnm
1018 3769 1193 3844 dicebatur,
1203 3769 1350 3853 praefatos
1360 3777 1450 3831 testes
1458 3767 1537 3829 eirea

563 3890 692 3936 eausam
706 3872 865 3956 deponere
879 3891 937 3954 per
950 3872 1051 3935 bonas
1074 3873 1229 3947 rationes,
1247 3891 1360 3954 nempe
1374 3871 1448 3952 quia
1460 3870 1536 3931 soie-

564 3975 642 4037 bant
651 3974 762 4038 odium
777 3984 868 4038 atrox
880 4026 887 4050 ,
901 3995 966 4058 qua
978 3976 1167 4039 schismatici
1179 3976 1451 4059 prosequebantur
1463 3974 1537 4036 anti·

564 4078 680 4153 stitem,
688 4078 923 4160 conjurationes
933 4079 964 4140 in
976 4096 1050 4140 eum
1060 4076 1166 4153 factas,
1177 4078 1308 4160 injurias
1318 4079 1430 4154 illatas,
1438 4076 1537 4139 minas

565 4179 675 4241 mortis
687 4198 725 4240 ex
737 4197 833 4241 eausa
846 4179 972 4243 unionis
984 4198 1057 4242 oum
1073 4179 1104 4242 S.
1120 4180 1154 4242 R.
1169 4180 1217 4245 E..
1232 4180 1453 4243 exultationem
1466 4185 1535 4258 post
