3259 5484
473 710 652 780 ...13-

77 878 243 942 setztunc
253 871 431 964 simplices
441 865 484 940 ad
495 871 662 962 pietatem
675 868 838 947 formare,
849 888 928 936 cum
940 866 1049 936 schis-

75 985 211 1054 maticis
232 986 275 1054 de
299 984 406 1054 rebus
428 979 508 1053 fidei
529 987 743 1052 concertare.
767 985 809 1049 Et
823 981 889 1049 hos
903 977 1046 1070 quidem
1073 995 1106 1039 tu
1119 996 1230 1046 mm,
1244 998 1302 1054 „aar

75 1095 242 1165 suavibus
267 1103 303 1166 et
329 1094 451 1164 solidis
475 1093 586 1163 victos
621 1091 848 1171 rationibus,
883 1088 1047 1159 Ecclesia
1149 1063 1250 1108 ”““”“”

74 1212 203 1275 sanctae
224 1225 429 1298 aggregare,
448 1199 528 1274 illos
543 1205 585 1273 ad
597 1204 783 1275 eluendam
796 1199 1047 1271 conscientiam

75 1321 109 1384 et
133 1316 345 1386 sumendum
370 1311 526 1384 divinum
548 1314 692 1407 epulum
714 1312 894 1381 inducere.
923 1310 1049 1379 Retra-

73 1435 194 1520 gantes
208 1429 392 1522 precibuS,
409 1425 573 1519 lacrymis
587 1432 623 1496 et
637 1425 792 1494 nummis
807 1424 851 1492 ad
864 1422 898 1492 id
918 1421 1048 1491 facien·

73 1542 153 1610 dum
167 1541 341 1622 evincere,
355 1546 462 1632 atque
478 1540 521 1609 ad
535 1538 735 1608 sacerdotes
750 1536 847 1628 ipsos
859 1535 1046 1604 adducere.

72 1651 240 1731 Eosdem,
261 1650 290 1719 si
313 1667 416 1720 aures
440 1650 599 1742 praebere
627 1646 882 1740 poenitentibus
901 1665 1049 1714 recusa-

73 1770 166 1843 rent,
183 1761 351 1854 precibus
363 1760 557 1830 humilibus
570 1764 745 1838 exoratos,
763 1754 928 1848 lacrymis
940 1755 1045 1824 etiam

72 1872 225 1964 adigere.
240 1871 384 1943 Multam
399 1871 546 1963 insuper
559 1869 618 1940 illc
629 1869 872 1960 juventutem,
884 1865 958 1956 jam
973 1885 1049 1934 ver·
1088 1876 1307 1984 meminiret

73 1985 197 2054 borum
214 1984 545 2078 piordm'efficacia,
561 1984 635 2075 jam
654 1981 795 2052 virtutis
815 2003 889 2050 suae
908 1979 1044 2072 specie,
1232 1971 1239 1983 ’

72 2099 114 2165 ad
130 2098 295 2167 eumdem
318 2095 498 2190 religionis
519 2104 677 2178 statum,
706 2097 742 2165 in
767 2118 838 2189 quo
860 2095 937 2187 ipse
958 2093 1044 2174 luit,

72 2208 224 2280 feliciter
236 2210 420 2303 pertraxit.
439 2214 515 2279 Jam
544 2216 580 2280 et
603 2211 777 2302 Josephus
796 2207 980 2287 Rutscius,
1007 2211 1047 2274 ut

72 2323 235 2393 columna
249 2325 362 2416 ignea,
381 2347 460 2417 quae
474 2325 566 2395 viam
583 2331 810 2406 monstraret,
830 2331 869 2394 ut
881 2323 1048 2393 umbrosa

73 2435 205 2516 nubes,
224 2457 304 2528 qum
323 2435 359 2504 in
376 2443 465 2506 aestu
488 2438 634 2506 adverso
650 2440 872 2530 protegeret,
900 2432 1047 2526 parvulo

73 2546 253 2616 unitorum
274 2547 518 2640 religiosorum
529 2548 650 2618 aderat
665 2554 701 2618 et
712 2551 864 2639 praeerat
881 2544 991 2637 gregi.

114 2672 231 2750 Quare
247 2665 480 2750 schismatici,
502 2690 577 2739 rem
590 2667 735 2740 Unionis
747 2667 783 2735 in
799 2667 874 2737 dies
889 2687 1047 2736 crescen·
1073 2665 1319 2774 fflffi‘ffleffi*
1352 2677 1356 2684 '

73 2783 140 2848 tem
167 2779 368 2861 intuenteS,
398 2781 547 2851 fremere
569 2779 780 2871 ruinamque
800 2777 852 2846 illi
869 2776 1043 2846 meditari.

71 2896 112 2962 Et
137 2891 277 2964 collatis
304 2893 423 2987 impiis
451 2894 648 2963 clanculum
673 2891 880 2984 capitibus,
907 2890 1061 2990 Samuel

72 3003 251 3098 Sienczylo
266 3005 556 3084 archimandrita,
573 3005 852 3074 Bartholomaeus
864 3007 1048 3094 Zaszczyn-

72 3113 123 3184 ski
153 3117 470 3210 protoprcsbyter,
507 3139 587 3187 cum
621 3118 699 3186 aliis
721 3115 938 3210 presbyteris
962 3115 1046 3186 civi-

72 3228 208 3320 busque
219 3229 457 3310 Vilnensibus,
472 3228 718 3299 necessitatem
733 3229 920 3321 quamdam
937 3229 1047 3298 ador-

71 3348 176 3423 nant,
206 3348 243 3412 et
263 3343 454 3436 Josephum
473 3342 654 3412 Rutscium
678 3347 758 3434 post
783 3340 907 3432 viginti
929 3340 1047 3410 leucas

71 3453 279 3534 amendant,
295 3475 366 3544 quo
379 3453 516 3523 felicius
527 3456 757 3546 Josaphatum
772 3453 817 3522 ab
837 3475 879 3524 eo
893 3453 1044 3523 divisum

71 3569 286 3656 expugnent.
304 3563 487 3656 Permagni
502 3563 677 3656 siquidem
697 3563 922 3634 aestimabant
938 3585 1042 3634 eum:

71 3685 108 3741 ut
123 3674 300 3744 dictarent
319 3675 425 3745 etiam
445 3698 573 3768 aquam
593 3677 793 3746 ablutorum
818 3677 896 3769 ejus
915 3678 1044 3770 pedum

71 3781 266 3867 bibituros;
295 3791 329 3855 et
353 3785 382 3854 si
408 3785 562 3879 partium
588 3809 732 3856 suorum
755 3788 863 3869 foret,
894 3788 1046 3858 victores

71 3894 215 3964 Unionis
231 3916 409 3966 evasuros.
429 3897 549 3966 Solum
563 3919 646 3990 ergo
658 3898 758 3967 illum
781 3898 985 3990 compositis
1003 3899 1045 3967 ad

70 4007 102 4075 id
119 4008 311 4099 precibus,
330 4009 558 4080 adoriuntur:
575 4012 617 4080 ad
631 4033 753 4090 eorum
768 4012 935 4082 transiret
955 4012 1047 4104 cogi-

71 4124 143 4189 tata
164 4145 172 4190 :
196 4120 308 4192 veteri
329 4122 546 4192 orthodoxiae
575 4124 840 4216 opitularetur:
864 4132 1048 4197 monaste-
