3259 5484
456 662 636 732 „77-

71 824 240 893 sacerdote
256 820 481 891 schismatico
506 841 747 912 germanoque
757 822 836 912 ejus
850 822 1035 891 securibus

70 937 253 1005 confectus.
269 936 468 1013 hlatthaeuS,
484 934 771 1027 archipresbyter
784 940 1036 1029 Szarogroden·

70 1048 122 1128 sis,
134 1046 552 1127 unioniszelantissimus,
566 1048 776 1138 pereosdem
790 1052 1036 1143 Cosacoscapi-

70 1177 100 1234 te
114 1171 309 1249 truncatur,
326 1164 408 1233 etin
424 1164 660 1255 profluentem
670 1167 862 1257 projectus.
880 1172 1036 1251 Quatuor

69 1277 235 1369 allutscio
251 1278 525 1370 metropolitano
540 1278 696 1370 religiosi
720 1280 842 1349 itidem
859 1280 1033 1363 basiliani,

68 1387 213 1455 Kioriam
236 1388 280 1456 ad
309 1389 514 1457 cathedram
538 1393 572 1457 S.
602 1388 741 1480 Sophiae
761 1389 872 1473 missi,
899 1412 1037 1460 eorum·

67 1499 139 1567 dem
159 1501 369 1567 Cosacorum
391 1498 571 1578 violentia,
591 1498 690 1568 brevi
706 1498 751 1567 ab
768 1501 935 1581 adventu,
959 1501 1036 1593 ipso

68 1608 150 1677 divae
175 1607 329 1699 Virginis
365 1608 474 1677 natali
512 1609 631 1700 eapti,
665 1616 702 1677 et
736 1610 870 1701 pedicis
898 1611 1036 1703 injectis

68 1719 237 1799 adstricti,
267 1720 615 1789 Terechtimiroviam
644 1721 798 1789 secundo
831 1721 1036 1792 Boristhene

68 1831 274 1900 transmissi.
304 1832 400 1900 Unde
423 1839 505 1923 post
524 1854 587 1900 sex
601 1833 840 1901 hebdomadas
859 1834 1036 1923 ergastulo

68 1942 191 2022 educti,
219 1947 257 2011 et
281 1964 447 2033 supremo
472 1964 595 2011 eorum
614 1943 696 2011 duci
720 1944 937 2035 praesentati,
956 1965 1036 2012 cum
1130 1990 1132 1995 .

67 2054 173 2121 multa
202 2052 373 2122 tulissent
399 2053 555 2149 probra,
587 2052 723 2122 dimissi
747 2056 835 2123 :sed
869 2076 913 2123 ne
944 2054 1037 2123 ullus
1137 2054 1140 2060 ’

67 2186 196 2245 eorum,
221 2164 358 2233 aliusve
377 2166 420 2234 de
434 2166 561 2245 unitis,
576 2166 719 2245 Kioviae,
737 2167 864 2258 capitis
878 2167 1038 2236 diminu-

68 2280 157 2350 tione
172 2280 378 2373 puniendus
391 2284 623 2371 compareret.
638 2278 806 2370 Josaphat
819 2283 892 2347 tres
905 2278 1038 2370 primos

67 2400 175 2474 certa,
199 2401 355 2486 quatuor
384 2392 528 2461 ultimos
560 2392 709 2472 incerta,
739 2413 849 2461 caesos
880 2414 941 2483 pro
970 2392 1038 2461 fide

67 2506 266 2598 percipiens
275 2506 380 2585 lama,
394 2503 646 2595 illacrymatus
659 2526 775 2573 coram
791 2504 902 2573 nobili
912 2504 1038 2573 Basilio
1067 2536 1116 2581 rna,
1130 2536 1238 2591 impura
1252 2534 1310 2579 aaa

67 2615 275 2711 Chotelseio,
291 2614 398 2683 castri
407 2613 645 2683 Vitebsceusis
655 2614 804 2695 notario,
818 2614 1036 2683 inclamavit:
1141 2599 1230 2641 ΜΨ·

69 2732 94 2801 0
117 2736 148 2801 ai
170 2735 312 2823 majores
332 2734 423 2815 mei,
445 2753 578 2799 otonem
598 2754 648 2800 ure
666 2732 935 2821 archiepiscopali
955 2732 1041 2799 solu-

68 2858 150 2933 tum,
186 2850 346 2939 Kinaiam
368 2849 560 2938 diriperent,
587 2849 747 2937 pertitam
768 2849 926 2939 p‘uauwdi
946 2870 1040 2938 oppe-

68 2968 162 3029 terem
199 2963 338 3049 fctum,·
369 2961 559 3050 vincuntque
597 2961 669 3029 illic
703 2961 847 3028 steritem
882 2962 1042 3049 sanguiue

66 3072 247 3141 inararem
277 3093 368 3155 meo,
401 3093 464 3159 quo
495 3072 703 3139 ccooerimum
729 3072 926 3159 perminoret
951 3073 1041 3159 fratc-
1087 3128 1093 3141 .

66 3191 143 3251 taam.
418 3262 422 3267 ⁴

108 3303 210 3371 huno
231 3303 293 3370 Dei
308 3302 533 3394 hominisque
552 3302 652 3381 1623,
677 3302 733 3371 die
748 3301 881 3393 Virgini
900 3305 1042 3370 Anaun-
1069 3320 1313 3393 inuasurum„-

65 3415 166 3484 ciatae
186 3436 300 3494 sacra,
316 3414 601 3484 archidiaconum
616 3416 794 3507 Josaphati
813 3416 1039 3495 Dorotheum,
1101 3386 1281 3425 'mmm'

54 3536 101 3597 et
114 3527 382 3597 Emmanuelem
399 3530 691 3608 Cantacuzenum,
707 3529 833 3597 domus
845 3529 1042 3619 ejusdirec-

67 3654 205 3727 torem,
234 3647 277 3724 ad
297 3645 482 3716 ecclesiam
502 3646 592 3715 divae
614 3646 766 3738 Virginis
781 3645 934 3717 Vitebsci
951 3668 1044 3715 eun-

66 3764 138 3835 tes,
165 3764 209 3824 ut
234 3753 457 3823 celebraturo
488 3753 632 3845 praesuli
664 3752 899 3822 ecclesiastica
926 3753 1044 3845 dispo·

65 3876 197 3937 nerent
210 3874 430 3945 ornamenta,
449 3866 535 3935 adeo
553 3865 789 3935 insolentibus
800 3864 1045 3935 Vitebscenses

66 3983 206 4075 agressi
223 3981 380 4071 jactibus
397 3979 663 4073 lapidibusque,
690 3989 729 4047 ut
749 3979 810 4049 Dei
835 3987 870 4048 et
894 3978 1046 4070 Virginis

66 4094 295 4186 protectione
305 4092 412 4162 vitam
424 4114 524 4161 suam
534 4100 774 4162 conservatam
799 4091 868 4160 sint
881 4091 1043 4160 confessi.
